test,model,batch_size,floating_point,concurrency,kv_cache,Concurrency,Inferences/Second,Client Send,Network+Server Send/Recv,Server Queue,Server Compute Input,Server Compute Infer,Server Compute Output,Client Recv,p50 latency,p90 latency,p95 latency,p99 latency,request/response,response wait,Avg GPU Utilization,Avg GPU Power Usage,Max GPU Memory Usage,Total GPU Memory
alpha,gemma3,1,fp16,1:24:2,0,1,0.643508,50,719,278,17,1550278,39,0,1542649,1545638,1546397,1561484,50,1551326,GPU-0:0;GPU-1:0.595972;GPU-2:0;GPU-3:0;GPU-4:0;GPU-5:0;GPU-6:0;GPU-7:0;,GPU-0:192.228;GPU-1:302.562;GPU-2:192.052;GPU-3:188.215;GPU-4:192.983;GPU-5:188.955;GPU-6:191.025;GPU-7:191.174;,GPU-0:47737470976;GPU-1:54514417664;GPU-2:47737470976;GPU-3:47737470976;GPU-4:47737470976;GPU-5:47737470976;GPU-6:46395293696;GPU-7:24719130624;,GPU-0:192265846784;GPU-1:192265846784;GPU-2:192265846784;GPU-3:192265846784;GPU-4:192265846784;GPU-5:192265846784;GPU-6:192265846784;GPU-7:192265846784;
alpha,gemma3,2,fp16,1:24:2,0,19,1.18516,54,819,24365170,66,6588780,81,0,32932954,32973698,32975293,34715581,54,30954911,GPU-0:0;GPU-1:0.624491;GPU-2:0;GPU-3:0;GPU-4:0;GPU-5:0;GPU-6:0;GPU-7:0;,GPU-0:192.18;GPU-1:303.353;GPU-2:192.636;GPU-3:188.163;GPU-4:192.978;GPU-5:188.939;GPU-6:191.088;GPU-7:191.302;,GPU-0:47737470976;GPU-1:54636052480;GPU-2:47737470976;GPU-3:47737470976;GPU-4:47737470976;GPU-5:47737470976;GPU-6:46395293696;GPU-7:24719130624;,GPU-0:192265846784;GPU-1:192265846784;GPU-2:192265846784;GPU-3:192265846784;GPU-4:192265846784;GPU-5:192265846784;GPU-6:192265846784;GPU-7:192265846784;
alpha,gemma3,2,fp16,1:24:2,0,11,1.20368,48,752,11907481,41,6208113,74,0,18114342,18157300,19758219,19796982,48,18116455,GPU-0:0;GPU-1:0.624352;GPU-2:0;GPU-3:0;GPU-4:0;GPU-5:0;GPU-6:0;GPU-7:0;,GPU-0:192.581;GPU-1:303.587;GPU-2:192.963;GPU-3:188.511;GPU-4:193.2;GPU-5:189.126;GPU-6:191.356;GPU-7:191.63;,GPU-0:47737470976;GPU-1:54636052480;GPU-2:47737470976;GPU-3:47737470976;GPU-4:47737470976;GPU-5:47737470976;GPU-6:46395293696;GPU-7:24719130624;,GPU-0:192265846784;GPU-1:192265846784;GPU-2:192265846784;GPU-3:192265846784;GPU-4:192265846784;GPU-5:192265846784;GPU-6:192265846784;GPU-7:192265846784;
alpha,gemma3,2,fp16,1:24:2,0,5,1.20368,51,815,2636162,34,5601306,73,0,8238339,8254527,8257616,8259402,51,8238383,GPU-0:0;GPU-1:0.624352;GPU-2:0;GPU-3:0;GPU-4:0;GPU-5:0;GPU-6:0;GPU-7:0;,GPU-0:192.47;GPU-1:303.601;GPU-2:192.823;GPU-3:188.398;GPU-4:193.108;GPU-5:189.003;GPU-6:191.255;GPU-7:191.453;,GPU-0:47737470976;GPU-1:54636052480;GPU-2:47737470976;GPU-3:47737470976;GPU-4:47737470976;GPU-5:47737470976;GPU-6:46395293696;GPU-7:24719130624;,GPU-0:192265846784;GPU-1:192265846784;GPU-2:192265846784;GPU-3:192265846784;GPU-4:192265846784;GPU-5:192265846784;GPU-6:192265846784;GPU-7:192265846784;
alpha,gemma3,2,fp16,1:24:2,0,9,1.20368,54,820,8929651,33,5777241,83,0,14816465,16490745,16580923,18095577,54,14707821,GPU-0:0;GPU-1:0.619907;GPU-2:0;GPU-3:0;GPU-4:0;GPU-5:0;GPU-6:0;GPU-7:0;,GPU-0:192.592;GPU-1:302.573;GPU-2:192.876;GPU-3:188.514;GPU-4:193.233;GPU-5:189.061;GPU-6:191.33;GPU-7:191.466;,GPU-0:47737470976;GPU-1:54636052480;GPU-2:47737470976;GPU-3:47737470976;GPU-4:47737470976;GPU-5:47737470976;GPU-6:46395293696;GPU-7:24719130624;,GPU-0:192265846784;GPU-1:192265846784;GPU-2:192265846784;GPU-3:192265846784;GPU-4:192265846784;GPU-5:192265846784;GPU-6:192265846784;GPU-7:192265846784;
alpha,gemma3,2,fp16,1:24:2,0,13,1.20368,51,746,15504553,43,5754102,73,0,21412491,21456162,23149850,23150264,51,21259510,GPU-0:0;GPU-1:0.619074;GPU-2:0;GPU-3:0;GPU-4:0;GPU-5:0;GPU-6:0;GPU-7:0;,GPU-0:192.234;GPU-1:302.626;GPU-2:192.612;GPU-3:188.119;GPU-4:192.917;GPU-5:188.92;GPU-6:191.071;GPU-7:191.32;,GPU-0:47737470976;GPU-1:54636052480;GPU-2:47737470976;GPU-3:47737470976;GPU-4:47737470976;GPU-5:47737470976;GPU-6:46395293696;GPU-7:24719130624;,GPU-0:192265846784;GPU-1:192265846784;GPU-2:192265846784;GPU-3:192265846784;GPU-4:192265846784;GPU-5:192265846784;GPU-6:192265846784;GPU-7:192265846784;
alpha,gemma3,2,fp16,1:24:2,0,1,1.21293,50,788,276,18,1642665,37,0,1643711,1647611,1649365,1651605,50,1643779,GPU-0:0;GPU-1:0.626389;GPU-2:0;GPU-3:0;GPU-4:0;GPU-5:0;GPU-6:0;GPU-7:0;,GPU-0:192.08;GPU-1:303.357;GPU-2:192.286;GPU-3:188.147;GPU-4:192.956;GPU-5:188.896;GPU-6:191.013;GPU-7:191.227;,GPU-0:47737470976;GPU-1:54636052480;GPU-2:47737470976;GPU-3:47737470976;GPU-4:47737470976;GPU-5:47737470976;GPU-6:46395293696;GPU-7:24719130624;,GPU-0:192265846784;GPU-1:192265846784;GPU-2:192265846784;GPU-3:192265846784;GPU-4:192265846784;GPU-5:192265846784;GPU-6:192265846784;GPU-7:192265846784;
alpha,gemma3,2,fp16,1:24:2,0,3,1.21294,52,772,2186348,20,2752390,49,0,4938679,4946945,4947599,4949573,52,4939574,GPU-0:0;GPU-1:0.625833;GPU-2:0;GPU-3:0;GPU-4:0;GPU-5:0;GPU-6:0;GPU-7:0;,GPU-0:192.441;GPU-1:303.653;GPU-2:192.807;GPU-3:188.41;GPU-4:193.127;GPU-5:189.024;GPU-6:191.244;GPU-7:191.389;,GPU-0:47737470976;GPU-1:54636052480;GPU-2:47737470976;GPU-3:47737470976;GPU-4:47737470976;GPU-5:47737470976;GPU-6:46395293696;GPU-7:24719130624;,GPU-0:192265846784;GPU-1:192265846784;GPU-2:192265846784;GPU-3:192265846784;GPU-4:192265846784;GPU-5:192265846784;GPU-6:192265846784;GPU-7:192265846784;
alpha,gemma3,2,fp16,1:24:2,0,17,1.21294,55,843,21172911,55,6602022,80,0,26349809,32922552,32949589,34705922,55,27775904,GPU-0:0;GPU-1:0.618981;GPU-2:0;GPU-3:0;GPU-4:0;GPU-5:0;GPU-6:0;GPU-7:0;,GPU-0:192.102;GPU-1:302.537;GPU-2:192.566;GPU-3:188.104;GPU-4:192.943;GPU-5:188.921;GPU-6:191.011;GPU-7:191.303;,GPU-0:47737470976;GPU-1:54636052480;GPU-2:47737470976;GPU-3:47737470976;GPU-4:47737470976;GPU-5:47737470976;GPU-6:46395293696;GPU-7:24719130624;,GPU-0:192265846784;GPU-1:192265846784;GPU-2:192265846784;GPU-3:192265846784;GPU-4:192265846784;GPU-5:192265846784;GPU-6:192265846784;GPU-7:192265846784;
alpha,gemma3,2,fp16,1:24:2,0,15,1.21294,53,757,18277157,41,6300194,80,0,24691489,26462864,26477385,26498644,53,24578222,GPU-0:0;GPU-1:0.620926;GPU-2:0;GPU-3:0;GPU-4:0;GPU-5:0;GPU-6:0;GPU-7:0;,GPU-0:191.921;GPU-1:302.096;GPU-2:192.324;GPU-3:187.917;GPU-4:192.729;GPU-5:188.804;GPU-6:190.841;GPU-7:191.135;,GPU-0:47737470976;GPU-1:54636052480;GPU-2:47737470976;GPU-3:47737470976;GPU-4:47737470976;GPU-5:47737470976;GPU-6:46395293696;GPU-7:24719130624;,GPU-0:192265846784;GPU-1:192265846784;GPU-2:192265846784;GPU-3:192265846784;GPU-4:192265846784;GPU-5:192265846784;GPU-6:192265846784;GPU-7:192265846784;
alpha,gemma3,2,fp16,1:24:2,0,23,1.2222,51,826,31500935,63,6588014,78,0,39534969,39576067,41295988,41315339,51,38089910,GPU-0:0;GPU-1:0.624815;GPU-2:0;GPU-3:0;GPU-4:0;GPU-5:0;GPU-6:0;GPU-7:0;,GPU-0:192.411;GPU-1:303.372;GPU-2:192.768;GPU-3:188.357;GPU-4:193.073;GPU-5:189.025;GPU-6:191.223;GPU-7:191.35;,GPU-0:47737470976;GPU-1:54636052480;GPU-2:47737470976;GPU-3:47737470976;GPU-4:47737470976;GPU-5:47737470976;GPU-6:46395293696;GPU-7:24719130624;,GPU-0:192265846784;GPU-1:192265846784;GPU-2:192265846784;GPU-3:192265846784;GPU-4:192265846784;GPU-5:192265846784;GPU-6:192265846784;GPU-7:192265846784;
alpha,gemma3,2,fp16,1:24:2,0,21,1.2222,52,823,27686012,55,6639827,82,0,32972060,39553680,39585615,41274033,52,34326793,GPU-0:0;GPU-1:0.619306;GPU-2:0;GPU-3:0;GPU-4:0;GPU-5:0;GPU-6:0;GPU-7:0;,GPU-0:192.196;GPU-1:302.441;GPU-2:192.658;GPU-3:188.184;GPU-4:193.01;GPU-5:188.924;GPU-6:191.123;GPU-7:191.339;,GPU-0:47737470976;GPU-1:54636052480;GPU-2:47737470976;GPU-3:47737470976;GPU-4:47737470976;GPU-5:47737470976;GPU-6:46395293696;GPU-7:24719130624;,GPU-0:192265846784;GPU-1:192265846784;GPU-2:192265846784;GPU-3:192265846784;GPU-4:192265846784;GPU-5:192265846784;GPU-6:192265846784;GPU-7:192265846784;
alpha,gemma3,2,fp16,1:24:2,0,7,1.23145,52,835,5643809,41,5879855,77,0,11525354,11550098,11550637,11552863,52,11524609,GPU-0:0;GPU-1:0.625833;GPU-2:0;GPU-3:0;GPU-4:0;GPU-5:0;GPU-6:0;GPU-7:0;,GPU-0:192.48;GPU-1:303.691;GPU-2:192.811;GPU-3:188.422;GPU-4:193.121;GPU-5:188.986;GPU-6:191.236;GPU-7:191.417;,GPU-0:47737470976;GPU-1:54636052480;GPU-2:47737470976;GPU-3:47737470976;GPU-4:47737470976;GPU-5:47737470976;GPU-6:46395293696;GPU-7:24719130624;,GPU-0:192265846784;GPU-1:192265846784;GPU-2:192265846784;GPU-3:192265846784;GPU-4:192265846784;GPU-5:192265846784;GPU-6:192265846784;GPU-7:192265846784;
alpha,gemma3,4,fp16,1:24:2,0,21,2.22218,54,824,33433835,41,3580520,58,0,37456892,39037256,41000926,41026613,54,37015269,GPU-0:0;GPU-1:0.64875;GPU-2:0;GPU-3:0;GPU-4:0;GPU-5:0;GPU-6:0;GPU-7:0;,GPU-0:192.53;GPU-1:303.345;GPU-2:192.83;GPU-3:188.48;GPU-4:193.106;GPU-5:189.035;GPU-6:191.294;GPU-7:191.391;,GPU-0:47737470976;GPU-1:54805921792;GPU-2:47737470976;GPU-3:47737470976;GPU-4:47737470976;GPU-5:47737470976;GPU-6:46395293696;GPU-7:24719130624;,GPU-0:192265846784;GPU-1:192265846784;GPU-2:192265846784;GPU-3:192265846784;GPU-4:192265846784;GPU-5:192265846784;GPU-6:192265846784;GPU-7:192265846784;
alpha,gemma3,4,fp16,1:24:2,0,11,2.22218,55,816,15786898,34,3573235,64,0,19536972,21275860,21284731,23204733,55,19361039,GPU-0:0;GPU-1:0.6525;GPU-2:0;GPU-3:0;GPU-4:0;GPU-5:0;GPU-6:0;GPU-7:0;,GPU-0:192.513;GPU-1:304.078;GPU-2:192.839;GPU-3:188.474;GPU-4:193.144;GPU-5:189.022;GPU-6:191.301;GPU-7:191.414;,GPU-0:47737470976;GPU-1:54805921792;GPU-2:47737470976;GPU-3:47737470976;GPU-4:47737470976;GPU-5:47737470976;GPU-6:46395293696;GPU-7:24719130624;,GPU-0:192265846784;GPU-1:192265846784;GPU-2:192265846784;GPU-3:192265846784;GPU-4:192265846784;GPU-5:192265846784;GPU-6:192265846784;GPU-7:192265846784;
alpha,gemma3,4,fp16,1:24:2,0,17,2.22218,55,806,26456875,33,3589403,59,0,30436158,32051133,33991936,34017201,55,30047167,GPU-0:0;GPU-1:0.64963;GPU-2:0;GPU-3:0;GPU-4:0;GPU-5:0;GPU-6:0;GPU-7:0;,GPU-0:192.499;GPU-1:303.379;GPU-2:192.823;GPU-3:188.442;GPU-4:193.124;GPU-5:189.008;GPU-6:191.27;GPU-7:191.392;,GPU-0:47737470976;GPU-1:54805921792;GPU-2:47737470976;GPU-3:47737470976;GPU-4:47737470976;GPU-5:47737470976;GPU-6:46395293696;GPU-7:24719130624;,GPU-0:192265846784;GPU-1:192265846784;GPU-2:192265846784;GPU-3:192265846784;GPU-4:192265846784;GPU-5:192265846784;GPU-6:192265846784;GPU-7:192265846784;
alpha,gemma3,4,fp16,1:24:2,0,5,2.24068,49,782,5623737,39,3287363,53,0,8830148,10596172,10598790,12585461,49,8911967,GPU-0:0;GPU-1:0.649537;GPU-2:0;GPU-3:0;GPU-4:0;GPU-5:0;GPU-6:0;GPU-7:0;,GPU-0:192.423;GPU-1:304.278;GPU-2:192.752;GPU-3:188.378;GPU-4:193.062;GPU-5:188.999;GPU-6:191.212;GPU-7:191.385;,GPU-0:47737470976;GPU-1:54805921792;GPU-2:47737470976;GPU-3:47737470976;GPU-4:47737470976;GPU-5:47737470976;GPU-6:46395293696;GPU-7:24719130624;,GPU-0:192265846784;GPU-1:192265846784;GPU-2:192265846784;GPU-3:192265846784;GPU-4:192265846784;GPU-5:192265846784;GPU-6:192265846784;GPU-7:192265846784;
alpha,gemma3,4,fp16,1:24:2,0,7,2.24069,48,787,9084918,38,3286545,55,0,12370716,12397297,12398402,12398980,48,12372338,GPU-0:0;GPU-1:0.66;GPU-2:0;GPU-3:0;GPU-4:0;GPU-5:0;GPU-6:0;GPU-7:0;,GPU-0:192.524;GPU-1:305.127;GPU-2:192.812;GPU-3:188.451;GPU-4:193.18;GPU-5:189.064;GPU-6:191.334;GPU-7:191.407;,GPU-0:47737470976;GPU-1:54805921792;GPU-2:47737470976;GPU-3:47737470976;GPU-4:47737470976;GPU-5:47737470976;GPU-6:46395293696;GPU-7:24719130624;,GPU-0:192265846784;GPU-1:192265846784;GPU-2:192265846784;GPU-3:192265846784;GPU-4:192265846784;GPU-5:192265846784;GPU-6:192265846784;GPU-7:192265846784;
alpha,gemma3,4,fp16,1:24:2,0,1,2.24069,51,784,276,20,2370213,42,0,1779678,1783829,1786527,1790627,51,2371328,GPU-0:0;GPU-1:0.650417;GPU-2:0;GPU-3:0;GPU-4:0;GPU-5:0;GPU-6:0;GPU-7:0;,GPU-0:192.357;GPU-1:303.276;GPU-2:192.482;GPU-3:188.273;GPU-4:193.035;GPU-5:188.938;GPU-6:191.187;GPU-7:191.369;,GPU-0:47737470976;GPU-1:54805921792;GPU-2:47737470976;GPU-3:47737470976;GPU-4:47737470976;GPU-5:47737470976;GPU-6:46395293696;GPU-7:24719130624;,GPU-0:192265846784;GPU-1:192265846784;GPU-2:192265846784;GPU-3:192265846784;GPU-4:192265846784;GPU-5:192265846784;GPU-6:192265846784;GPU-7:192265846784;
alpha,gemma3,4,fp16,1:24:2,0,23,2.2592,52,809,37286051,37,3550123,58,0,42537638,42674108,42713270,42731872,52,40837069,GPU-0:0;GPU-1:0.656852;GPU-2:0;GPU-3:0;GPU-4:0;GPU-5:0;GPU-6:0;GPU-7:0;,GPU-0:192.442;GPU-1:304.192;GPU-2:192.833;GPU-3:188.39;GPU-4:193.091;GPU-5:188.986;GPU-6:191.232;GPU-7:191.386;,GPU-0:47737470976;GPU-1:54805921792;GPU-2:47737470976;GPU-3:47737470976;GPU-4:47737470976;GPU-5:47737470976;GPU-6:46395293696;GPU-7:24719130624;,GPU-0:192265846784;GPU-1:192265846784;GPU-2:192265846784;GPU-3:192265846784;GPU-4:192265846784;GPU-5:192265846784;GPU-6:192265846784;GPU-7:192265846784;
alpha,gemma3,4,fp16,1:24:2,0,9,2.2592,50,817,12366136,41,3533434,59,0,17654506,17672915,17679773,17686522,50,15900479,GPU-0:0;GPU-1:0.658287;GPU-2:0;GPU-3:0;GPU-4:0;GPU-5:0;GPU-6:0;GPU-7:0;,GPU-0:192.483;GPU-1:305.148;GPU-2:192.883;GPU-3:188.406;GPU-4:193.133;GPU-5:188.971;GPU-6:191.25;GPU-7:191.457;,GPU-0:47737470976;GPU-1:54805921792;GPU-2:47737470976;GPU-3:47737470976;GPU-4:47737470976;GPU-5:47737470976;GPU-6:46395293696;GPU-7:24719130624;,GPU-0:192265846784;GPU-1:192265846784;GPU-2:192265846784;GPU-3:192265846784;GPU-4:192265846784;GPU-5:192265846784;GPU-6:192265846784;GPU-7:192265846784;
alpha,gemma3,4,fp16,1:24:2,0,13,2.25921,52,840,19103230,29,3574105,58,0,21267470,24806483,24808366,24818748,52,22678256,GPU-0:0;GPU-1:0.649306;GPU-2:0;GPU-3:0;GPU-4:0;GPU-5:0;GPU-6:0;GPU-7:0;,GPU-0:192.544;GPU-1:303.697;GPU-2:192.906;GPU-3:188.483;GPU-4:193.161;GPU-5:189.029;GPU-6:191.296;GPU-7:191.433;,GPU-0:47737470976;GPU-1:54805921792;GPU-2:47737470976;GPU-3:47737470976;GPU-4:47737470976;GPU-5:47737470976;GPU-6:46395293696;GPU-7:24719130624;,GPU-0:192265846784;GPU-1:192265846784;GPU-2:192265846784;GPU-3:192265846784;GPU-4:192265846784;GPU-5:192265846784;GPU-6:192265846784;GPU-7:192265846784;
alpha,gemma3,4,fp16,1:24:2,0,19,2.25922,54,817,29630056,34,3546440,58,0,31940116,35466970,35472246,35481188,54,33177396,GPU-0:0;GPU-1:0.653102;GPU-2:0;GPU-3:0;GPU-4:0;GPU-5:0;GPU-6:0;GPU-7:0;,GPU-0:192.43;GPU-1:304.268;GPU-2:192.846;GPU-3:188.371;GPU-4:193.057;GPU-5:188.974;GPU-6:191.23;GPU-7:191.39;,GPU-0:47737470976;GPU-1:54805921792;GPU-2:47737470976;GPU-3:47737470976;GPU-4:47737470976;GPU-5:47737470976;GPU-6:46395293696;GPU-7:24719130624;,GPU-0:192265846784;GPU-1:192265846784;GPU-2:192265846784;GPU-3:192265846784;GPU-4:192265846784;GPU-5:192265846784;GPU-6:192265846784;GPU-7:192265846784;
alpha,gemma3,4,fp16,1:24:2,0,15,2.25922,56,795,22831217,28,3546676,59,0,24857815,28391451,28397923,28406555,56,26378767,GPU-0:0;GPU-1:0.657546;GPU-2:0;GPU-3:0;GPU-4:0;GPU-5:0;GPU-6:0;GPU-7:0;,GPU-0:192.387;GPU-1:304.521;GPU-2:192.767;GPU-3:188.327;GPU-4:193.02;GPU-5:188.931;GPU-6:191.15;GPU-7:191.369;,GPU-0:47737470976;GPU-1:54805921792;GPU-2:47737470976;GPU-3:47737470976;GPU-4:47737470976;GPU-5:47737470976;GPU-6:46395293696;GPU-7:24719130624;,GPU-0:192265846784;GPU-1:192265846784;GPU-2:192265846784;GPU-3:192265846784;GPU-4:192265846784;GPU-5:192265846784;GPU-6:192265846784;GPU-7:192265846784;
alpha,gemma3,4,fp16,1:24:2,0,3,2.27772,49,812,2364407,30,2956315,52,0,5321064,5325605,5326793,5337964,49,5321611,GPU-0:0;GPU-1:0.656389;GPU-2:0;GPU-3:0;GPU-4:0;GPU-5:0;GPU-6:0;GPU-7:0;,GPU-0:192.23;GPU-1:304.9;GPU-2:192.653;GPU-3:188.175;GPU-4:192.927;GPU-5:188.856;GPU-6:191.005;GPU-7:191.316;,GPU-0:47737470976;GPU-1:54805921792;GPU-2:47737470976;GPU-3:47737470976;GPU-4:47737470976;GPU-5:47737470976;GPU-6:46395293696;GPU-7:24719130624;,GPU-0:192265846784;GPU-1:192265846784;GPU-2:192265846784;GPU-3:192265846784;GPU-4:192265846784;GPU-5:192265846784;GPU-6:192265846784;GPU-7:192265846784;
alpha,mistral,1,fp16,1:24:2,0,1,0.379621,49,810,280,20,2621949,41,0,2600249,2697761,2712110,2721566,49,2623094,GPU-0:0.0677315;GPU-1:0.0634722;GPU-2:0.0685185;GPU-3:0.0669907;GPU-4:0.0686574;GPU-5:0.0681944;GPU-6:0.074213;GPU-7:0;,GPU-0:257.819;GPU-1:249.206;GPU-2:257.341;GPU-3:250.476;GPU-4:256.597;GPU-5:251.012;GPU-6:255.115;GPU-7:193.068;,GPU-0:49348083712;GPU-1:56416534528;GPU-2:49348083712;GPU-3:49348083712;GPU-4:49348083712;GPU-5:49348083712;GPU-6:48005906432;GPU-7:24719130624;,GPU-0:192265846784;GPU-1:192265846784;GPU-2:192265846784;GPU-3:192265846784;GPU-4:192265846784;GPU-5:192265846784;GPU-6:192265846784;GPU-7:192265846784;
alpha,mistral,1,fp16,1:24:2,0,3,1.10183,49,744,281,17,2701929,37,0,2698539,2738174,2770754,2924434,49,2703002,GPU-0:0.224213;GPU-1:0.225926;GPU-2:0.22713;GPU-3:0.225972;GPU-4:0.236481;GPU-5:0.232315;GPU-6:0.250741;GPU-7:0;,GPU-0:288.546;GPU-1:267.537;GPU-2:288.104;GPU-3:279.69;GPU-4:286.066;GPU-5:279.991;GPU-6:282.974;GPU-7:193.969;,GPU-0:49348083712;GPU-1:56416534528;GPU-2:49348083712;GPU-3:49348083712;GPU-4:49348083712;GPU-5:49348083712;GPU-6:48005906432;GPU-7:24719130624;,GPU-0:192265846784;GPU-1:192265846784;GPU-2:192265846784;GPU-3:192265846784;GPU-4:192265846784;GPU-5:192265846784;GPU-6:192265846784;GPU-7:192265846784;
alpha,mistral,1,fp16,1:24:2,0,5,1.79163,48,757,274,17,2792889,37,0,2757290,2825181,2874969,3081798,48,2793968,GPU-0:0.369074;GPU-1:0.366296;GPU-2:0.379722;GPU-3:0.374444;GPU-4:0.405278;GPU-5:0.388009;GPU-6:0.402222;GPU-7:0;,GPU-0:317.274;GPU-1:284.832;GPU-2:316.297;GPU-3:307.236;GPU-4:313.336;GPU-5:306.929;GPU-6:308.477;GPU-7:194.544;,GPU-0:49348083712;GPU-1:56416534528;GPU-2:49348083712;GPU-3:49348083712;GPU-4:49348083712;GPU-5:49348083712;GPU-6:48005906432;GPU-7:24719130624;,GPU-0:192265846784;GPU-1:192265846784;GPU-2:192265846784;GPU-3:192265846784;GPU-4:192265846784;GPU-5:192265846784;GPU-6:192265846784;GPU-7:192265846784;
alpha,mistral,1,fp16,1:24:2,0,9,2.04625,49,806,262,17,4389483,37,0,3908650,7617254,7820905,8054109,49,4390601,GPU-0:0.511111;GPU-1:0.470602;GPU-2:0.504861;GPU-3:0.615648;GPU-4:0.550648;GPU-5:0.556065;GPU-6:0.502083;GPU-7:0;,GPU-0:329.839;GPU-1:291.664;GPU-2:328.571;GPU-3:320.74;GPU-4:325.242;GPU-5:319.701;GPU-6:319.126;GPU-7:194.86;,GPU-0:49348083712;GPU-1:56416534528;GPU-2:49348083712;GPU-3:49348083712;GPU-4:49348083712;GPU-5:49348083712;GPU-6:48005906432;GPU-7:24719130624;,GPU-0:192265846784;GPU-1:192265846784;GPU-2:192265846784;GPU-3:192265846784;GPU-4:192265846784;GPU-5:192265846784;GPU-6:192265846784;GPU-7:192265846784;
alpha,mistral,1,fp16,1:24:2,0,19,2.06939,50,811,934810,19,8169186,51,0,9079171,13307749,13861136,15112832,50,9104872,GPU-0:0.528009;GPU-1:0.465833;GPU-2:0.527917;GPU-3:0.580417;GPU-4:0.571435;GPU-5:0.531667;GPU-6:0.49838;GPU-7:0;,GPU-0:330.296;GPU-1:292.725;GPU-2:329.96;GPU-3:321.409;GPU-4:326.944;GPU-5:320.39;GPU-6:319.859;GPU-7:194.716;,GPU-0:49348083712;GPU-1:56416534528;GPU-2:49348083712;GPU-3:49348083712;GPU-4:49348083712;GPU-5:49348083712;GPU-6:48005906432;GPU-7:24719130624;,GPU-0:192265846784;GPU-1:192265846784;GPU-2:192265846784;GPU-3:192265846784;GPU-4:192265846784;GPU-5:192265846784;GPU-6:192265846784;GPU-7:192265846784;
alpha,mistral,1,fp16,1:24:2,0,11,2.0694,51,807,558070,16,4750340,39,0,4212782,8317135,9393986,9642884,51,5309266,GPU-0:0.501528;GPU-1:0.460185;GPU-2:0.539907;GPU-3:0.564583;GPU-4:0.533796;GPU-5:0.545046;GPU-6:0.486528;GPU-7:0;,GPU-0:329.543;GPU-1:292.95;GPU-2:329.513;GPU-3:320.791;GPU-4:325.687;GPU-5:319.155;GPU-6:319.705;GPU-7:195.149;,GPU-0:49348083712;GPU-1:56416534528;GPU-2:49348083712;GPU-3:49348083712;GPU-4:49348083712;GPU-5:49348083712;GPU-6:48005906432;GPU-7:24719130624;,GPU-0:192265846784;GPU-1:192265846784;GPU-2:192265846784;GPU-3:192265846784;GPU-4:192265846784;GPU-5:192265846784;GPU-6:192265846784;GPU-7:192265846784;
alpha,mistral,1,fp16,1:24:2,0,21,2.07866,50,827,895166,22,9206578,58,0,9729154,15262975,16006228,17399332,50,10102645,GPU-0:0.516944;GPU-1:0.470648;GPU-2:0.503565;GPU-3:0.608287;GPU-4:0.594213;GPU-5:0.543657;GPU-6:0.504583;GPU-7:0;,GPU-0:330.735;GPU-1:292.583;GPU-2:328.942;GPU-3:321.996;GPU-4:326.974;GPU-5:320.235;GPU-6:320.322;GPU-7:194.844;,GPU-0:49348083712;GPU-1:56416534528;GPU-2:49348083712;GPU-3:49348083712;GPU-4:49348083712;GPU-5:49348083712;GPU-6:48005906432;GPU-7:24719130624;,GPU-0:192265846784;GPU-1:192265846784;GPU-2:192265846784;GPU-3:192265846784;GPU-4:192265846784;GPU-5:192265846784;GPU-6:192265846784;GPU-7:192265846784;
alpha,mistral,1,fp16,1:24:2,0,13,2.07866,50,807,584786,17,5591289,43,0,5333310,11344354,11741720,13075101,50,6176935,GPU-0:0.506204;GPU-1:0.467778;GPU-2:0.519444;GPU-3:0.57912;GPU-4:0.586435;GPU-5:0.546157;GPU-6:0.496898;GPU-7:0;,GPU-0:331.008;GPU-1:292.823;GPU-2:330.688;GPU-3:321.629;GPU-4:327.349;GPU-5:320.998;GPU-6:320.657;GPU-7:194.979;,GPU-0:49348083712;GPU-1:56416534528;GPU-2:49348083712;GPU-3:49348083712;GPU-4:49348083712;GPU-5:49348083712;GPU-6:48005906432;GPU-7:24719130624;,GPU-0:192265846784;GPU-1:192265846784;GPU-2:192265846784;GPU-3:192265846784;GPU-4:192265846784;GPU-5:192265846784;GPU-6:192265846784;GPU-7:192265846784;
alpha,mistral,1,fp16,1:24:2,0,17,2.07866,50,826,780025,18,7339885,48,0,7851906,12836859,13311672,13695828,50,8120798,GPU-0:0.515417;GPU-1:0.465926;GPU-2:0.53162;GPU-3:0.586111;GPU-4:0.574352;GPU-5:0.556898;GPU-6:0.501111;GPU-7:0;,GPU-0:331.031;GPU-1:292.238;GPU-2:329.134;GPU-3:321.645;GPU-4:327.018;GPU-5:321.205;GPU-6:320.454;GPU-7:194.776;,GPU-0:49348083712;GPU-1:56416534528;GPU-2:49348083712;GPU-3:49348083712;GPU-4:49348083712;GPU-5:49348083712;GPU-6:48005906432;GPU-7:24719130624;,GPU-0:192265846784;GPU-1:192265846784;GPU-2:192265846784;GPU-3:192265846784;GPU-4:192265846784;GPU-5:192265846784;GPU-6:192265846784;GPU-7:192265846784;
alpha,mistral,1,fp16,1:24:2,0,15,2.09254,49,802,640889,17,6557903,47,0,7623366,11737029,12974290,13226575,49,7199652,GPU-0:0.503148;GPU-1:0.469306;GPU-2:0.523519;GPU-3:0.578102;GPU-4:0.547639;GPU-5:0.543519;GPU-6:0.500509;GPU-7:0;,GPU-0:330.652;GPU-1:292.816;GPU-2:329.999;GPU-3:321.033;GPU-4:326.61;GPU-5:320.137;GPU-6:320.051;GPU-7:195.008;,GPU-0:49348083712;GPU-1:56416534528;GPU-2:49348083712;GPU-3:49348083712;GPU-4:49348083712;GPU-5:49348083712;GPU-6:48005906432;GPU-7:24719130624;,GPU-0:192265846784;GPU-1:192265846784;GPU-2:192265846784;GPU-3:192265846784;GPU-4:192265846784;GPU-5:192265846784;GPU-6:192265846784;GPU-7:192265846784;
alpha,mistral,1,fp16,1:24:2,0,23,2.10644,51,811,1046228,22,9875320,57,0,11523253,15499292,16039927,17153586,51,10922431,GPU-0:0.507824;GPU-1:0.47375;GPU-2:0.531065;GPU-3:0.590324;GPU-4:0.591065;GPU-5:0.5375;GPU-6:0.503333;GPU-7:0;,GPU-0:331.387;GPU-1:293.694;GPU-2:330.869;GPU-3:322.034;GPU-4:328.026;GPU-5:321.266;GPU-6:321.108;GPU-7:195.276;,GPU-0:49348083712;GPU-1:56416534528;GPU-2:49348083712;GPU-3:49348083712;GPU-4:49348083712;GPU-5:49348083712;GPU-6:48005906432;GPU-7:24719130624;,GPU-0:192265846784;GPU-1:192265846784;GPU-2:192265846784;GPU-3:192265846784;GPU-4:192265846784;GPU-5:192265846784;GPU-6:192265846784;GPU-7:192265846784;
alpha,mistral,1,fp16,1:24:2,0,7,2.11107,50,794,273,19,3299449,39,0,2831717,5595553,5707153,5877365,50,3300570,GPU-0:0.449907;GPU-1:0.435231;GPU-2:0.45875;GPU-3:0.45625;GPU-4:0.489167;GPU-5:0.471852;GPU-6:0.475926;GPU-7:0;,GPU-0:330.415;GPU-1:293.018;GPU-2:329.976;GPU-3:320.137;GPU-4:326.742;GPU-5:320.417;GPU-6:320.814;GPU-7:194.759;,GPU-0:49348083712;GPU-1:56416534528;GPU-2:49348083712;GPU-3:49348083712;GPU-4:49348083712;GPU-5:49348083712;GPU-6:48005906432;GPU-7:24719130624;,GPU-0:192265846784;GPU-1:192265846784;GPU-2:192265846784;GPU-3:192265846784;GPU-4:192265846784;GPU-5:192265846784;GPU-6:192265846784;GPU-7:192265846784;
alpha,mistral,2,fp16,1:24:2,0,1,0.749989,51,836,279,21,2665458,42,0,2668150,2744338,2764239,2772878,51,2666630,GPU-0:0.0694907;GPU-1:0.0670833;GPU-2:0.0691204;GPU-3:0.0688426;GPU-4:0.0702778;GPU-5:0.06875;GPU-6:0.0771296;GPU-7:0;,GPU-0:260.462;GPU-1:250.069;GPU-2:259.654;GPU-3:251.836;GPU-4:257.359;GPU-5:252.203;GPU-6:257.416;GPU-7:194.459;,GPU-0:49532633088;GPU-1:56584306688;GPU-2:49532633088;GPU-3:49532633088;GPU-4:49532633088;GPU-5:49532633088;GPU-6:48173678592;GPU-7:24719130624;,GPU-0:192265846784;GPU-1:192265846784;GPU-2:192265846784;GPU-3:192265846784;GPU-4:192265846784;GPU-5:192265846784;GPU-6:192265846784;GPU-7:192265846784;
alpha,mistral,2,fp16,1:24:2,0,3,2.18514,50,780,276,18,2741497,38,0,2695709,2731229,2741001,5288611,50,2742604,GPU-0:0.224444;GPU-1:0.225324;GPU-2:0.227546;GPU-3:0.227222;GPU-4:0.242731;GPU-5:0.230972;GPU-6:0.250324;GPU-7:0;,GPU-0:289.355;GPU-1:268.16;GPU-2:288.988;GPU-3:281.028;GPU-4:287.022;GPU-5:280.939;GPU-6:283.241;GPU-7:194.015;,GPU-0:49532633088;GPU-1:56584306688;GPU-2:49532633088;GPU-3:49532633088;GPU-4:49532633088;GPU-5:49532633088;GPU-6:48173678592;GPU-7:24719130624;,GPU-0:192265846784;GPU-1:192265846784;GPU-2:192265846784;GPU-3:192265846784;GPU-4:192265846784;GPU-5:192265846784;GPU-6:192265846784;GPU-7:192265846784;
alpha,mistral,2,fp16,1:24:2,0,5,3.56475,50,767,272,17,2785368,37,0,2773212,2857584,2901854,3052272,50,2786456,GPU-0:0.383704;GPU-1:0.374861;GPU-2:0.386991;GPU-3:0.389444;GPU-4:0.418796;GPU-5:0.400833;GPU-6:0.413241;GPU-7:0;,GPU-0:319.223;GPU-1:286.361;GPU-2:318.74;GPU-3:309.732;GPU-4:315.701;GPU-5:309.656;GPU-6:310.493;GPU-7:194.485;,GPU-0:49532633088;GPU-1:56584306688;GPU-2:49532633088;GPU-3:49532633088;GPU-4:49532633088;GPU-5:49532633088;GPU-6:48173678592;GPU-7:24719130624;,GPU-0:192265846784;GPU-1:192265846784;GPU-2:192265846784;GPU-3:192265846784;GPU-4:192265846784;GPU-5:192265846784;GPU-6:192265846784;GPU-7:192265846784;
alpha,mistral,2,fp16,1:24:2,0,13,4.00918,51,651,669799,16,5754193,42,0,5260747,11774164,12093058,13838100,51,6424694,GPU-0:0.528426;GPU-1:0.465093;GPU-2:0.532176;GPU-3:0.560741;GPU-4:0.604769;GPU-5:0.545694;GPU-6:0.497361;GPU-7:0;,GPU-0:331.318;GPU-1:293.365;GPU-2:331.157;GPU-3:321.975;GPU-4:328.066;GPU-5:321.179;GPU-6:320.598;GPU-7:194.834;,GPU-0:49532633088;GPU-1:56584306688;GPU-2:49532633088;GPU-3:49532633088;GPU-4:49532633088;GPU-5:49532633088;GPU-6:48173678592;GPU-7:24719130624;,GPU-0:192265846784;GPU-1:192265846784;GPU-2:192265846784;GPU-3:192265846784;GPU-4:192265846784;GPU-5:192265846784;GPU-6:192265846784;GPU-7:192265846784;
alpha,mistral,2,fp16,1:24:2,0,23,4.01841,51,741,1023836,25,10330227,58,0,11001493,16427540,17307071,18569661,51,11354880,GPU-0:0.537454;GPU-1:0.469861;GPU-2:0.515185;GPU-3:0.576389;GPU-4:0.613519;GPU-5:0.541343;GPU-6:0.502269;GPU-7:0;,GPU-0:331.645;GPU-1:292.122;GPU-2:329.346;GPU-3:322.229;GPU-4:328.35;GPU-5:321.852;GPU-6:321.042;GPU-7:194.604;,GPU-0:49532633088;GPU-1:56584306688;GPU-2:49532633088;GPU-3:49532633088;GPU-4:49532633088;GPU-5:49532633088;GPU-6:48173678592;GPU-7:24719130624;,GPU-0:192265846784;GPU-1:192265846784;GPU-2:192265846784;GPU-3:192265846784;GPU-4:192265846784;GPU-5:192265846784;GPU-6:192265846784;GPU-7:192265846784;
alpha,mistral,2,fp16,1:24:2,0,19,4.02769,51,809,806024,21,8510612,52,0,9808345,13263590,13613531,14137780,51,9317511,GPU-0:0.501435;GPU-1:0.470139;GPU-2:0.519398;GPU-3:0.585185;GPU-4:0.582685;GPU-5:0.554583;GPU-6:0.498333;GPU-7:0;,GPU-0:332.365;GPU-1:292.619;GPU-2:330.441;GPU-3:322.238;GPU-4:328.805;GPU-5:321.988;GPU-6:320.903;GPU-7:194.608;,GPU-0:49532633088;GPU-1:56584306688;GPU-2:49532633088;GPU-3:49532633088;GPU-4:49532633088;GPU-5:49532633088;GPU-6:48173678592;GPU-7:24719130624;,GPU-0:192265846784;GPU-1:192265846784;GPU-2:192265846784;GPU-3:192265846784;GPU-4:192265846784;GPU-5:192265846784;GPU-6:192265846784;GPU-7:192265846784;
alpha,mistral,2,fp16,1:24:2,0,17,4.04621,52,843,727583,19,7640215,50,0,8024297,13118301,13333216,14947441,52,8368704,GPU-0:0.509583;GPU-1:0.466759;GPU-2:0.530787;GPU-3:0.590556;GPU-4:0.584537;GPU-5:0.544259;GPU-6:0.505046;GPU-7:0;,GPU-0:331.697;GPU-1:293.084;GPU-2:330.15;GPU-3:321.799;GPU-4:328.037;GPU-5:321.309;GPU-6:320.876;GPU-7:194.69;,GPU-0:49532633088;GPU-1:56584306688;GPU-2:49532633088;GPU-3:49532633088;GPU-4:49532633088;GPU-5:49532633088;GPU-6:48173678592;GPU-7:24719130624;,GPU-0:192265846784;GPU-1:192265846784;GPU-2:192265846784;GPU-3:192265846784;GPU-4:192265846784;GPU-5:192265846784;GPU-6:192265846784;GPU-7:192265846784;
alpha,mistral,2,fp16,1:24:2,0,11,4.06473,50,831,578751,15,4798683,39,0,4212539,8358571,9624157,11411010,50,5378313,GPU-0:0.525556;GPU-1:0.46287;GPU-2:0.525093;GPU-3:0.563611;GPU-4:0.576481;GPU-5:0.553194;GPU-6:0.498565;GPU-7:0;,GPU-0:331.832;GPU-1:292.816;GPU-2:330.673;GPU-3:322.503;GPU-4:328.369;GPU-5:321.388;GPU-6:321.256;GPU-7:194.856;,GPU-0:49532633088;GPU-1:56584306688;GPU-2:49532633088;GPU-3:49532633088;GPU-4:49532633088;GPU-5:49532633088;GPU-6:48173678592;GPU-7:24719130624;,GPU-0:192265846784;GPU-1:192265846784;GPU-2:192265846784;GPU-3:192265846784;GPU-4:192265846784;GPU-5:192265846784;GPU-6:192265846784;GPU-7:192265846784;
alpha,mistral,2,fp16,1:24:2,0,21,4.07397,50,772,946211,21,9372126,55,0,11678895,13562341,14648629,15045662,50,10319178,GPU-0:0.522083;GPU-1:0.46787;GPU-2:0.512778;GPU-3:0.553472;GPU-4:0.618426;GPU-5:0.532639;GPU-6:0.495602;GPU-7:0;,GPU-0:331.773;GPU-1:293.317;GPU-2:330.358;GPU-3:321.48;GPU-4:327.999;GPU-5:321.761;GPU-6:320.967;GPU-7:194.611;,GPU-0:49532633088;GPU-1:56584306688;GPU-2:49532633088;GPU-3:49532633088;GPU-4:49532633088;GPU-5:49532633088;GPU-6:48173678592;GPU-7:24719130624;,GPU-0:192265846784;GPU-1:192265846784;GPU-2:192265846784;GPU-3:192265846784;GPU-4:192265846784;GPU-5:192265846784;GPU-6:192265846784;GPU-7:192265846784;
alpha,mistral,2,fp16,1:24:2,0,15,4.09249,51,813,705917,17,6612880,46,0,5634628,12311299,13238917,14947964,51,7319666,GPU-0:0.516296;GPU-1:0.468009;GPU-2:0.526343;GPU-3:0.570324;GPU-4:0.592824;GPU-5:0.560046;GPU-6:0.503472;GPU-7:0;,GPU-0:331.948;GPU-1:293.523;GPU-2:331.51;GPU-3:322.894;GPU-4:328.118;GPU-5:322.044;GPU-6:321.36;GPU-7:194.673;,GPU-0:49532633088;GPU-1:56584306688;GPU-2:49532633088;GPU-3:49532633088;GPU-4:49532633088;GPU-5:49532633088;GPU-6:48173678592;GPU-7:24719130624;,GPU-0:192265846784;GPU-1:192265846784;GPU-2:192265846784;GPU-3:192265846784;GPU-4:192265846784;GPU-5:192265846784;GPU-6:192265846784;GPU-7:192265846784;
alpha,mistral,2,fp16,1:24:2,0,9,4.11101,51,796,276,17,4353923,38,0,3912592,7633998,7832159,8000058,51,4355045,GPU-0:0.498009;GPU-1:0.465231;GPU-2:0.52375;GPU-3:0.59963;GPU-4:0.570602;GPU-5:0.569398;GPU-6:0.507037;GPU-7:0;,GPU-0:333.495;GPU-1:294.621;GPU-2:332.415;GPU-3:323.726;GPU-4:329.334;GPU-5:322.713;GPU-6:323.18;GPU-7:194.983;,GPU-0:49532633088;GPU-1:56584306688;GPU-2:49532633088;GPU-3:49532633088;GPU-4:49532633088;GPU-5:49532633088;GPU-6:48173678592;GPU-7:24719130624;,GPU-0:192265846784;GPU-1:192265846784;GPU-2:192265846784;GPU-3:192265846784;GPU-4:192265846784;GPU-5:192265846784;GPU-6:192265846784;GPU-7:192265846784;
alpha,mistral,2,fp16,1:24:2,0,7,4.26843,51,751,276,18,3286687,39,0,2808178,5561996,5692113,5946140,51,3287765,GPU-0:0.460509;GPU-1:0.434259;GPU-2:0.46375;GPU-3:0.466389;GPU-4:0.488056;GPU-5:0.471991;GPU-6:0.486019;GPU-7:0;,GPU-0:334.531;GPU-1:294.281;GPU-2:333.116;GPU-3:323.892;GPU-4:330.374;GPU-5:323.65;GPU-6:324.202;GPU-7:194.718;,GPU-0:49532633088;GPU-1:56584306688;GPU-2:49532633088;GPU-3:49532633088;GPU-4:49532633088;GPU-5:49532633088;GPU-6:48173678592;GPU-7:24719130624;,GPU-0:192265846784;GPU-1:192265846784;GPU-2:192265846784;GPU-3:192265846784;GPU-4:192265846784;GPU-5:192265846784;GPU-6:192265846784;GPU-7:192265846784;
alpha,mistral,4,fp16,1:24:2,0,1,1.49997,51,888,286,21,2652152,42,0,2641359,2692754,2779585,2829658,51,2653382,GPU-0:0.0736574;GPU-1:0.0689352;GPU-2:0.0724074;GPU-3:0.0721759;GPU-4:0.0725;GPU-5:0.0746296;GPU-6:0.0787963;GPU-7:0;,GPU-0:260.635;GPU-1:250.624;GPU-2:260.492;GPU-3:252.3;GPU-4:257.843;GPU-5:253.102;GPU-6:257.761;GPU-7:193.933;,GPU-0:49884954624;GPU-1:57054068736;GPU-2:49884954624;GPU-3:49884954624;GPU-4:49884954624;GPU-5:49884954624;GPU-6:48526000128;GPU-7:24719130624;,GPU-0:192265846784;GPU-1:192265846784;GPU-2:192265846784;GPU-3:192265846784;GPU-4:192265846784;GPU-5:192265846784;GPU-6:192265846784;GPU-7:192265846784;
alpha,mistral,4,fp16,1:24:2,0,3,4.44434,49,759,273,18,2703268,37,0,2689867,2781548,2817313,2842520,49,2704351,GPU-0:0.237315;GPU-1:0.235926;GPU-2:0.240046;GPU-3:0.239861;GPU-4:0.252778;GPU-5:0.244861;GPU-6:0.262407;GPU-7:0;,GPU-0:293.556;GPU-1:270.43;GPU-2:293.094;GPU-3:284.509;GPU-4:290.868;GPU-5:284.413;GPU-6:286.862;GPU-7:193.753;,GPU-0:49884954624;GPU-1:57054068736;GPU-2:49884954624;GPU-3:49884954624;GPU-4:49884954624;GPU-5:49884954624;GPU-6:48526000128;GPU-7:24719130624;,GPU-0:192265846784;GPU-1:192265846784;GPU-2:192265846784;GPU-3:192265846784;GPU-4:192265846784;GPU-5:192265846784;GPU-6:192265846784;GPU-7:192265846784;
alpha,mistral,4,fp16,1:24:2,0,5,5.81469,49,758,271,19,3420314,40,0,2753185,5484112,5535570,5658570,49,3421397,GPU-0:0.317454;GPU-1:0.30713;GPU-2:0.32;GPU-3:0.322315;GPU-4:0.337222;GPU-5:0.326204;GPU-6:0.347963;GPU-7:0;,GPU-0:309.921;GPU-1:280.233;GPU-2:309.332;GPU-3:300.017;GPU-4:306.672;GPU-5:300.53;GPU-6:301.88;GPU-7:194.243;,GPU-0:49884954624;GPU-1:57054068736;GPU-2:49884954624;GPU-3:49884954624;GPU-4:49884954624;GPU-5:49884954624;GPU-6:48526000128;GPU-7:24719130624;,GPU-0:192265846784;GPU-1:192265846784;GPU-2:192265846784;GPU-3:192265846784;GPU-4:192265846784;GPU-5:192265846784;GPU-6:192265846784;GPU-7:192265846784;
alpha,mistral,4,fp16,1:24:2,0,23,7.7406,50,852,3523814,19,8163411,51,0,11700915,15011515,15261827,15712805,50,11688142,GPU-0:0.509306;GPU-1:0.464306;GPU-2:0.523935;GPU-3:0.559491;GPU-4:0.605093;GPU-5:0.538565;GPU-6:0.498102;GPU-7:0;,GPU-0:334.091;GPU-1:294.17;GPU-2:332.777;GPU-3:324.176;GPU-4:330.723;GPU-5:324.247;GPU-6:322.435;GPU-7:194.321;,GPU-0:49884954624;GPU-1:57054068736;GPU-2:49884954624;GPU-3:49884954624;GPU-4:49884954624;GPU-5:49884954624;GPU-6:48526000128;GPU-7:24719130624;,GPU-0:192265846784;GPU-1:192265846784;GPU-2:192265846784;GPU-3:192265846784;GPU-4:192265846784;GPU-5:192265846784;GPU-6:192265846784;GPU-7:192265846784;
alpha,mistral,4,fp16,1:24:2,0,19,7.7776,49,851,1826199,18,7812500,50,0,9117407,12321465,12804298,14239151,49,9639613,GPU-0:0.527361;GPU-1:0.468519;GPU-2:0.525972;GPU-3:0.55537;GPU-4:0.601667;GPU-5:0.555972;GPU-6:0.506852;GPU-7:0;,GPU-0:334.205;GPU-1:294.956;GPU-2:333.902;GPU-3:324.617;GPU-4:331.255;GPU-5:324.213;GPU-6:323.021;GPU-7:194.499;,GPU-0:49884954624;GPU-1:57054068736;GPU-2:49884954624;GPU-3:49884954624;GPU-4:49884954624;GPU-5:49884954624;GPU-6:48526000128;GPU-7:24719130624;,GPU-0:192265846784;GPU-1:192265846784;GPU-2:192265846784;GPU-3:192265846784;GPU-4:192265846784;GPU-5:192265846784;GPU-6:192265846784;GPU-7:192265846784;
alpha,mistral,4,fp16,1:24:2,0,13,7.79614,48,796,626469,16,5911562,43,0,6444603,8856966,10176937,10470354,48,6538880,GPU-0:0.522361;GPU-1:0.466019;GPU-2:0.524398;GPU-3:0.568472;GPU-4:0.59713;GPU-5:0.542963;GPU-6:0.497037;GPU-7:0;,GPU-0:334.841;GPU-1:295.62;GPU-2:334.202;GPU-3:324.651;GPU-4:332.138;GPU-5:324.158;GPU-6:323.149;GPU-7:194.547;,GPU-0:49884954624;GPU-1:57054068736;GPU-2:49884954624;GPU-3:49884954624;GPU-4:49884954624;GPU-5:49884954624;GPU-6:48526000128;GPU-7:24719130624;,GPU-0:192265846784;GPU-1:192265846784;GPU-2:192265846784;GPU-3:192265846784;GPU-4:192265846784;GPU-5:192265846784;GPU-6:192265846784;GPU-7:192265846784;
alpha,mistral,4,fp16,1:24:2,0,15,7.79615,50,843,704512,18,6978274,46,0,8356708,9402599,10268607,10540085,50,7683687,GPU-0:0.525602;GPU-1:0.454537;GPU-2:0.518843;GPU-3:0.573657;GPU-4:0.59125;GPU-5:0.535602;GPU-6:0.492546;GPU-7:0;,GPU-0:333.838;GPU-1:294.285;GPU-2:333.521;GPU-3:323.554;GPU-4:330.441;GPU-5:323.147;GPU-6:321.884;GPU-7:194.567;,GPU-0:49884954624;GPU-1:57054068736;GPU-2:49884954624;GPU-3:49884954624;GPU-4:49884954624;GPU-5:49884954624;GPU-6:48526000128;GPU-7:24719130624;,GPU-0:192265846784;GPU-1:192265846784;GPU-2:192265846784;GPU-3:192265846784;GPU-4:192265846784;GPU-5:192265846784;GPU-6:192265846784;GPU-7:192265846784;
alpha,mistral,4,fp16,1:24:2,0,11,7.90728,50,805,551424,15,5030832,41,0,4651714,8475986,8848550,10442183,50,5583111,GPU-0:0.511852;GPU-1:0.454954;GPU-2:0.528241;GPU-3:0.555694;GPU-4:0.61338;GPU-5:0.534398;GPU-6:0.492222;GPU-7:0;,GPU-0:335.562;GPU-1:294.499;GPU-2:333.36;GPU-3:325.387;GPU-4:332.317;GPU-5:325.004;GPU-6:323.496;GPU-7:194.598;,GPU-0:49884954624;GPU-1:57054068736;GPU-2:49884954624;GPU-3:49884954624;GPU-4:49884954624;GPU-5:49884954624;GPU-6:48526000128;GPU-7:24719130624;,GPU-0:192265846784;GPU-1:192265846784;GPU-2:192265846784;GPU-3:192265846784;GPU-4:192265846784;GPU-5:192265846784;GPU-6:192265846784;GPU-7:192265846784;
alpha,mistral,4,fp16,1:24:2,0,17,7.92578,50,842,889600,20,7794777,50,0,8491906,10367803,11965633,12448696,50,8685283,GPU-0:0.517778;GPU-1:0.464537;GPU-2:0.52838;GPU-3:0.558889;GPU-4:0.58912;GPU-5:0.550926;GPU-6:0.494769;GPU-7:0;,GPU-0:333.668;GPU-1:294.634;GPU-2:333.537;GPU-3:323.957;GPU-4:330.557;GPU-5:323.445;GPU-6:322.738;GPU-7:194.481;,GPU-0:49884954624;GPU-1:57054068736;GPU-2:49884954624;GPU-3:49884954624;GPU-4:49884954624;GPU-5:49884954624;GPU-6:48526000128;GPU-7:24719130624;,GPU-0:192265846784;GPU-1:192265846784;GPU-2:192265846784;GPU-3:192265846784;GPU-4:192265846784;GPU-5:192265846784;GPU-6:192265846784;GPU-7:192265846784;
alpha,mistral,4,fp16,1:24:2,0,21,7.96273,50,840,2551162,20,8190260,51,0,9376630,14560259,14705799,14916371,50,10742326,GPU-0:0.522731;GPU-1:0.458056;GPU-2:0.537963;GPU-3:0.561898;GPU-4:0.582546;GPU-5:0.579213;GPU-6:0.491806;GPU-7:0;,GPU-0:335.384;GPU-1:294.081;GPU-2:332.217;GPU-3:325.481;GPU-4:331.294;GPU-5:324.177;GPU-6:323.325;GPU-7:194.379;,GPU-0:49884954624;GPU-1:57054068736;GPU-2:49884954624;GPU-3:49884954624;GPU-4:49884954624;GPU-5:49884954624;GPU-6:48526000128;GPU-7:24719130624;,GPU-0:192265846784;GPU-1:192265846784;GPU-2:192265846784;GPU-3:192265846784;GPU-4:192265846784;GPU-5:192265846784;GPU-6:192265846784;GPU-7:192265846784;
alpha,mistral,4,fp16,1:24:2,0,9,7.96276,52,728,273,18,4528505,39,0,4053065,7921774,8049923,8332915,52,4529556,GPU-0:0.501343;GPU-1:0.463194;GPU-2:0.543704;GPU-3:0.549769;GPU-4:0.629352;GPU-5:0.538241;GPU-6:0.502222;GPU-7:0;,GPU-0:335.953;GPU-1:296.061;GPU-2:334.52;GPU-3:325.608;GPU-4:332.366;GPU-5:325.305;GPU-6:324.082;GPU-7:194.87;,GPU-0:49884954624;GPU-1:57054068736;GPU-2:49884954624;GPU-3:49884954624;GPU-4:49884954624;GPU-5:49884954624;GPU-6:48526000128;GPU-7:24719130624;,GPU-0:192265846784;GPU-1:192265846784;GPU-2:192265846784;GPU-3:192265846784;GPU-4:192265846784;GPU-5:192265846784;GPU-6:192265846784;GPU-7:192265846784;
alpha,mistral,4,fp16,1:24:2,0,7,8.18501,50,783,274,19,3408775,41,0,2860061,5680841,5737279,5862714,50,3409887,GPU-0:0.464676;GPU-1:0.427639;GPU-2:0.468657;GPU-3:0.466111;GPU-4:0.486528;GPU-5:0.46963;GPU-6:0.480926;GPU-7:0;,GPU-0:336.879;GPU-1:296.12;GPU-2:335.866;GPU-3:326.806;GPU-4:333.384;GPU-5:326.61;GPU-6:325.647;GPU-7:194.458;,GPU-0:49884954624;GPU-1:57054068736;GPU-2:49884954624;GPU-3:49884954624;GPU-4:49884954624;GPU-5:49884954624;GPU-6:48526000128;GPU-7:24719130624;,GPU-0:192265846784;GPU-1:192265846784;GPU-2:192265846784;GPU-3:192265846784;GPU-4:192265846784;GPU-5:192265846784;GPU-6:192265846784;GPU-7:192265846784;
alpha,meta-llama,1,fp16,1:24:2,0,1,0.370364,50,738,276,21,2695475,40,0,2688743,2751722,2755492,2780440,50,2696545,GPU-0:0.0678241;GPU-1:0.0576389;GPU-2:0.0664815;GPU-3:0.067037;GPU-4:0.0681944;GPU-5:0.0668981;GPU-6:0.0665741;GPU-7:0.0398148;,GPU-0:259.038;GPU-1:243.896;GPU-2:258.395;GPU-3:250.581;GPU-4:256.407;GPU-5:250.875;GPU-6:257.531;GPU-7:250.973;,GPU-0:49884954624;GPU-1:57054068736;GPU-2:49884954624;GPU-3:49884954624;GPU-4:49884954624;GPU-5:49884954624;GPU-6:48526000128;GPU-7:24719130624;,GPU-0:192265846784;GPU-1:192265846784;GPU-2:192265846784;GPU-3:192265846784;GPU-4:192265846784;GPU-5:192265846784;GPU-6:192265846784;GPU-7:192265846784;
alpha,meta-llama,1,fp16,1:24:2,0,3,0.884238,49,789,283,18,3416158,37,0,3365962,3802697,3900756,4067678,49,3417279,GPU-0:0.218472;GPU-1:0.178009;GPU-2:0.224259;GPU-3:0.228704;GPU-4:0.229907;GPU-5:0.227593;GPU-6:0.222454;GPU-7:0.137685;,GPU-0:280.214;GPU-1:248.79;GPU-2:279.669;GPU-3:271.137;GPU-4:277.336;GPU-5:271.521;GPU-6:278.518;GPU-7:264.647;,GPU-0:49884954624;GPU-1:57054068736;GPU-2:49884954624;GPU-3:49884954624;GPU-4:49884954624;GPU-5:49884954624;GPU-6:48526000128;GPU-7:24719130624;,GPU-0:192265846784;GPU-1:192265846784;GPU-2:192265846784;GPU-3:192265846784;GPU-4:192265846784;GPU-5:192265846784;GPU-6:192265846784;GPU-7:192265846784;
alpha,meta-llama,1,fp16,1:24:2,0,5,1.02776,50,801,281,19,4797439,41,0,3965520,7708673,8340611,9025376,50,4798577,GPU-0:0.305231;GPU-1:0.231481;GPU-2:0.301806;GPU-3:0.31662;GPU-4:0.305602;GPU-5:0.311065;GPU-6:0.303472;GPU-7:0.178148;,GPU-0:288.547;GPU-1:250.282;GPU-2:285.895;GPU-3:279.272;GPU-4:285.22;GPU-5:279.39;GPU-6:286.673;GPU-7:268.876;,GPU-0:49884954624;GPU-1:57054068736;GPU-2:49884954624;GPU-3:49884954624;GPU-4:49884954624;GPU-5:49884954624;GPU-6:48526000128;GPU-7:24719130624;,GPU-0:192265846784;GPU-1:192265846784;GPU-2:192265846784;GPU-3:192265846784;GPU-4:192265846784;GPU-5:192265846784;GPU-6:192265846784;GPU-7:192265846784;
alpha,meta-llama,1,fp16,1:24:2,0,7,1.36571,51,815,288,18,5136403,39,0,4471111,8679375,9000993,9491436,51,5137558,GPU-0:0.414722;GPU-1:0.303287;GPU-2:0.42338;GPU-3:0.411713;GPU-4:0.413889;GPU-5:0.41912;GPU-6:0.411481;GPU-7:0.229907;,GPU-0:300.741;GPU-1:252.953;GPU-2:299.951;GPU-3:291.071;GPU-4:297.318;GPU-5:291.915;GPU-6:299.546;GPU-7:276.7;,GPU-0:49884954624;GPU-1:57054068736;GPU-2:49884954624;GPU-3:49884954624;GPU-4:49884954624;GPU-5:49884954624;GPU-6:48526000128;GPU-7:24719130624;,GPU-0:192265846784;GPU-1:192265846784;GPU-2:192265846784;GPU-3:192265846784;GPU-4:192265846784;GPU-5:192265846784;GPU-6:192265846784;GPU-7:192265846784;
alpha,meta-llama,1,fp16,1:24:2,0,23,1.54625,52,846,1186830,22,13021985,59,0,15233842,30685100,32092057,32936702,52,14209736,GPU-0:0.485556;GPU-1:0.355046;GPU-2:0.508472;GPU-3:0.503704;GPU-4:0.488333;GPU-5:0.49912;GPU-6:0.499815;GPU-7:0.269861;,GPU-0:314.273;GPU-1:255.669;GPU-2:312.758;GPU-3:301.809;GPU-4:307.982;GPU-5:303.425;GPU-6:313.171;GPU-7:286.19;,GPU-0:49884954624;GPU-1:57054068736;GPU-2:49884954624;GPU-3:49884954624;GPU-4:49884954624;GPU-5:49884954624;GPU-6:48526000128;GPU-7:24719130624;,GPU-0:192265846784;GPU-1:192265846784;GPU-2:192265846784;GPU-3:192265846784;GPU-4:192265846784;GPU-5:192265846784;GPU-6:192265846784;GPU-7:192265846784;
alpha,meta-llama,1,fp16,1:24:2,0,9,1.56941,51,796,278,18,5676115,38,0,5064039,9879674,10125714,10373083,51,5677240,GPU-0:0.488194;GPU-1:0.351528;GPU-2:0.492731;GPU-3:0.506019;GPU-4:0.5125;GPU-5:0.494259;GPU-6:0.494722;GPU-7:0.271296;,GPU-0:309.866;GPU-1:254.723;GPU-2:308.541;GPU-3:300.423;GPU-4:306.449;GPU-5:300.786;GPU-6:307.854;GPU-7:282.108;,GPU-0:49884954624;GPU-1:57054068736;GPU-2:49884954624;GPU-3:49884954624;GPU-4:49884954624;GPU-5:49884954624;GPU-6:48526000128;GPU-7:24719130624;,GPU-0:192265846784;GPU-1:192265846784;GPU-2:192265846784;GPU-3:192265846784;GPU-4:192265846784;GPU-5:192265846784;GPU-6:192265846784;GPU-7:192265846784;
alpha,meta-llama,1,fp16,1:24:2,0,17,1.57404,52,841,888697,20,9724756,52,0,7680898,20267637,20593202,22222478,52,10614359,GPU-0:0.48963;GPU-1:0.354259;GPU-2:0.487176;GPU-3:0.495926;GPU-4:0.496111;GPU-5:0.500787;GPU-6:0.487454;GPU-7:0.269815;,GPU-0:314.036;GPU-1:255.621;GPU-2:312.048;GPU-3:302.461;GPU-4:308.874;GPU-5:303.503;GPU-6:313.318;GPU-7:285.935;,GPU-0:49884954624;GPU-1:57054068736;GPU-2:49884954624;GPU-3:49884954624;GPU-4:49884954624;GPU-5:49884954624;GPU-6:48526000128;GPU-7:24719130624;,GPU-0:192265846784;GPU-1:192265846784;GPU-2:192265846784;GPU-3:192265846784;GPU-4:192265846784;GPU-5:192265846784;GPU-6:192265846784;GPU-7:192265846784;
alpha,meta-llama,1,fp16,1:24:2,0,15,1.57866,52,857,821625,19,8652661,48,0,6141325,19523829,20867686,22820504,52,9475203,GPU-0:0.494907;GPU-1:0.35463;GPU-2:0.483519;GPU-3:0.49963;GPU-4:0.49162;GPU-5:0.504213;GPU-6:0.485694;GPU-7:0.272778;,GPU-0:314.205;GPU-1:255.429;GPU-2:311.372;GPU-3:302.216;GPU-4:308.019;GPU-5:302.721;GPU-6:312.601;GPU-7:284.996;,GPU-0:49884954624;GPU-1:57054068736;GPU-2:49884954624;GPU-3:49884954624;GPU-4:49884954624;GPU-5:49884954624;GPU-6:48526000128;GPU-7:24719130624;,GPU-0:192265846784;GPU-1:192265846784;GPU-2:192265846784;GPU-3:192265846784;GPU-4:192265846784;GPU-5:192265846784;GPU-6:192265846784;GPU-7:192265846784;
alpha,meta-llama,1,fp16,1:24:2,0,13,1.59256,49,747,757568,17,7294365,46,0,5939615,14693104,15256989,17504196,49,8052738,GPU-0:0.492176;GPU-1:0.353148;GPU-2:0.488981;GPU-3:0.516065;GPU-4:0.496157;GPU-5:0.514074;GPU-6:0.498657;GPU-7:0.276574;,GPU-0:313.195;GPU-1:255.393;GPU-2:311.32;GPU-3:302.336;GPU-4:308.489;GPU-5:302.63;GPU-6:311.452;GPU-7:284.187;,GPU-0:49884954624;GPU-1:57054068736;GPU-2:49884954624;GPU-3:49884954624;GPU-4:49884954624;GPU-5:49884954624;GPU-6:48526000128;GPU-7:24719130624;,GPU-0:192265846784;GPU-1:192265846784;GPU-2:192265846784;GPU-3:192265846784;GPU-4:192265846784;GPU-5:192265846784;GPU-6:192265846784;GPU-7:192265846784;
alpha,meta-llama,1,fp16,1:24:2,0,19,1.59256,52,859,975744,21,11059251,52,0,12419479,20286729,20811952,23782604,52,12035920,GPU-0:0.489074;GPU-1:0.348981;GPU-2:0.486435;GPU-3:0.483472;GPU-4:0.492593;GPU-5:0.501296;GPU-6:0.477778;GPU-7:0.271389;,GPU-0:314.287;GPU-1:255.883;GPU-2:312.686;GPU-3:302.073;GPU-4:307.935;GPU-5:302.863;GPU-6:312.582;GPU-7:286.012;,GPU-0:49884954624;GPU-1:57054068736;GPU-2:49884954624;GPU-3:49884954624;GPU-4:49884954624;GPU-5:49884954624;GPU-6:48526000128;GPU-7:24719130624;,GPU-0:192265846784;GPU-1:192265846784;GPU-2:192265846784;GPU-3:192265846784;GPU-4:192265846784;GPU-5:192265846784;GPU-6:192265846784;GPU-7:192265846784;
alpha,meta-llama,1,fp16,1:24:2,0,11,1.59256,51,771,682479,15,6237705,42,0,5665421,10674804,11011252,12787125,51,6921006,GPU-0:0.491667;GPU-1:0.351667;GPU-2:0.496481;GPU-3:0.509259;GPU-4:0.500602;GPU-5:0.494259;GPU-6:0.49037;GPU-7:0.275185;,GPU-0:310.006;GPU-1:254.381;GPU-2:308.099;GPU-3:300.727;GPU-4:306.681;GPU-5:301.614;GPU-6:309.072;GPU-7:281.549;,GPU-0:49884954624;GPU-1:57054068736;GPU-2:49884954624;GPU-3:49884954624;GPU-4:49884954624;GPU-5:49884954624;GPU-6:48526000128;GPU-7:24719130624;,GPU-0:192265846784;GPU-1:192265846784;GPU-2:192265846784;GPU-3:192265846784;GPU-4:192265846784;GPU-5:192265846784;GPU-6:192265846784;GPU-7:192265846784;
alpha,meta-llama,1,fp16,1:24:2,0,21,1.60182,51,819,1058159,23,11818831,55,0,11781707,30593167,32141771,33331351,51,12877882,GPU-0:0.495324;GPU-1:0.351296;GPU-2:0.495741;GPU-3:0.500278;GPU-4:0.498704;GPU-5:0.497037;GPU-6:0.493935;GPU-7:0.269676;,GPU-0:314.584;GPU-1:256.046;GPU-2:313.51;GPU-3:301.601;GPU-4:308.238;GPU-5:302.553;GPU-6:312.948;GPU-7:286.283;,GPU-0:49884954624;GPU-1:57054068736;GPU-2:49884954624;GPU-3:49884954624;GPU-4:49884954624;GPU-5:49884954624;GPU-6:48526000128;GPU-7:24719130624;,GPU-0:192265846784;GPU-1:192265846784;GPU-2:192265846784;GPU-3:192265846784;GPU-4:192265846784;GPU-5:192265846784;GPU-6:192265846784;GPU-7:192265846784;
alpha,meta-llama,2,fp16,1:24:2,0,1,0.712948,53,789,269,21,2771338,41,0,2763212,2843718,2869645,2878323,53,2772453,GPU-0:0.0674537;GPU-1:0.0659259;GPU-2:0.066713;GPU-3:0.0663426;GPU-4:0.0669444;GPU-5:0.0654167;GPU-6:0.0675926;GPU-7:0.0399074;,GPU-0:260.756;GPU-1:243.59;GPU-2:259.796;GPU-3:250.074;GPU-4:256.834;GPU-5:251.635;GPU-6:260.119;GPU-7:254.631;,GPU-0:50069504000;GPU-1:57255395328;GPU-2:50069504000;GPU-3:50069504000;GPU-4:50069504000;GPU-5:50069504000;GPU-6:48710549504;GPU-7:24886902784;,GPU-0:192265846784;GPU-1:192265846784;GPU-2:192265846784;GPU-3:192265846784;GPU-4:192265846784;GPU-5:192265846784;GPU-6:192265846784;GPU-7:192265846784;
alpha,meta-llama,2,fp16,1:24:2,0,3,1.48145,51,800,273,18,4027241,39,0,4059285,4570299,4770057,4887355,51,4028366,GPU-0:0.204444;GPU-1:0.174815;GPU-2:0.203935;GPU-3:0.212639;GPU-4:0.204444;GPU-5:0.20338;GPU-6:0.201944;GPU-7:0.116759;,GPU-0:276.987;GPU-1:248.244;GPU-2:277.442;GPU-3:266.402;GPU-4:273.092;GPU-5:267.857;GPU-6:276.331;GPU-7:264.226;,GPU-0:50069504000;GPU-1:57255395328;GPU-2:50069504000;GPU-3:50069504000;GPU-4:50069504000;GPU-5:50069504000;GPU-6:48710549504;GPU-7:24886902784;,GPU-0:192265846784;GPU-1:192265846784;GPU-2:192265846784;GPU-3:192265846784;GPU-4:192265846784;GPU-5:192265846784;GPU-6:192265846784;GPU-7:192265846784;
alpha,meta-llama,2,fp16,1:24:2,0,5,1.87034,49,766,266,20,5308558,42,0,4439927,8615021,8767041,9167957,49,5309647,GPU-0:0.296528;GPU-1:0.236852;GPU-2:0.288102;GPU-3:0.290324;GPU-4:0.289537;GPU-5:0.289722;GPU-6:0.289491;GPU-7:0.159352;,GPU-0:287.411;GPU-1:251.015;GPU-2:286.268;GPU-3:276.031;GPU-4:283.107;GPU-5:277.692;GPU-6:286.41;GPU-7:270.441;,GPU-0:50069504000;GPU-1:57255395328;GPU-2:50069504000;GPU-3:50069504000;GPU-4:50069504000;GPU-5:50069504000;GPU-6:48710549504;GPU-7:24886902784;,GPU-0:192265846784;GPU-1:192265846784;GPU-2:192265846784;GPU-3:192265846784;GPU-4:192265846784;GPU-5:192265846784;GPU-6:192265846784;GPU-7:192265846784;
alpha,meta-llama,2,fp16,1:24:2,0,7,2.23144,51,774,260,20,6215635,43,0,4789347,9274883,9511328,9615759,51,6216727,GPU-0:0.345787;GPU-1:0.276528;GPU-2:0.335185;GPU-3:0.3475;GPU-4:0.332731;GPU-5:0.340093;GPU-6:0.338843;GPU-7:0.187778;,GPU-0:296.439;GPU-1:253.627;GPU-2:294.964;GPU-3:284.505;GPU-4:291.875;GPU-5:286.687;GPU-6:296.127;GPU-7:275.804;,GPU-0:50069504000;GPU-1:57255395328;GPU-2:50069504000;GPU-3:50069504000;GPU-4:50069504000;GPU-5:50069504000;GPU-6:48710549504;GPU-7:24886902784;,GPU-0:192265846784;GPU-1:192265846784;GPU-2:192265846784;GPU-3:192265846784;GPU-4:192265846784;GPU-5:192265846784;GPU-6:192265846784;GPU-7:192265846784;
alpha,meta-llama,2,fp16,1:24:2,0,23,2.86104,54,840,1330650,26,14350414,60,0,16582224,23081044,23453634,24542570,54,15681983,GPU-0:0.484352;GPU-1:0.365602;GPU-2:0.485093;GPU-3:0.500231;GPU-4:0.493704;GPU-5:0.481481;GPU-6:0.474259;GPU-7:0.256944;,GPU-0:309.597;GPU-1:258.078;GPU-2:309.638;GPU-3:299.856;GPU-4:306.918;GPU-5:301.726;GPU-6:309.95;GPU-7:283.991;,GPU-0:50069504000;GPU-1:57255395328;GPU-2:50069504000;GPU-3:50069504000;GPU-4:50069504000;GPU-5:50069504000;GPU-6:48710549504;GPU-7:24886902784;,GPU-0:192265846784;GPU-1:192265846784;GPU-2:192265846784;GPU-3:192265846784;GPU-4:192265846784;GPU-5:192265846784;GPU-6:192265846784;GPU-7:192265846784;
alpha,meta-llama,2,fp16,1:24:2,0,9,2.87031,49,781,267,18,6346970,40,0,5401711,10484992,10746065,11161777,49,6348071,GPU-0:0.462454;GPU-1:0.353009;GPU-2:0.459444;GPU-3:0.464074;GPU-4:0.474907;GPU-5:0.458194;GPU-6:0.462407;GPU-7:0.248009;,GPU-0:308.306;GPU-1:257.229;GPU-2:307.016;GPU-3:298.131;GPU-4:304.923;GPU-5:299.839;GPU-6:308.041;GPU-7:282.116;,GPU-0:50069504000;GPU-1:57255395328;GPU-2:50069504000;GPU-3:50069504000;GPU-4:50069504000;GPU-5:50069504000;GPU-6:48710549504;GPU-7:24886902784;,GPU-0:192265846784;GPU-1:192265846784;GPU-2:192265846784;GPU-3:192265846784;GPU-4:192265846784;GPU-5:192265846784;GPU-6:192265846784;GPU-7:192265846784;
alpha,meta-llama,2,fp16,1:24:2,0,21,2.87031,52,789,1243449,23,12877513,56,0,14002646,22138925,22782795,23628536,52,14121826,GPU-0:0.491389;GPU-1:0.361713;GPU-2:0.481435;GPU-3:0.491944;GPU-4:0.480833;GPU-5:0.48588;GPU-6:0.47463;GPU-7:0.257037;,GPU-0:311.896;GPU-1:257.99;GPU-2:309.977;GPU-3:301.522;GPU-4:308.181;GPU-5:303.093;GPU-6:310.641;GPU-7:284.209;,GPU-0:50069504000;GPU-1:57255395328;GPU-2:50069504000;GPU-3:50069504000;GPU-4:50069504000;GPU-5:50069504000;GPU-6:48710549504;GPU-7:24886902784;,GPU-0:192265846784;GPU-1:192265846784;GPU-2:192265846784;GPU-3:192265846784;GPU-4:192265846784;GPU-5:192265846784;GPU-6:192265846784;GPU-7:192265846784;
alpha,meta-llama,2,fp16,1:24:2,0,15,2.88883,51,814,892666,18,9328582,48,0,8395879,17242573,17748343,18940023,51,10222123,GPU-0:0.493194;GPU-1:0.371389;GPU-2:0.484074;GPU-3:0.498102;GPU-4:0.486019;GPU-5:0.486806;GPU-6:0.482824;GPU-7:0.258472;,GPU-0:309.748;GPU-1:257.909;GPU-2:308.889;GPU-3:299.383;GPU-4:306.386;GPU-5:301.202;GPU-6:308.868;GPU-7:284.214;,GPU-0:50069504000;GPU-1:57255395328;GPU-2:50069504000;GPU-3:50069504000;GPU-4:50069504000;GPU-5:50069504000;GPU-6:48710549504;GPU-7:24886902784;,GPU-0:192265846784;GPU-1:192265846784;GPU-2:192265846784;GPU-3:192265846784;GPU-4:192265846784;GPU-5:192265846784;GPU-6:192265846784;GPU-7:192265846784;
alpha,meta-llama,2,fp16,1:24:2,0,11,2.90736,52,819,737180,16,6729348,42,0,6347062,11590516,11832682,13023746,52,7467399,GPU-0:0.496528;GPU-1:0.372685;GPU-2:0.484259;GPU-3:0.507407;GPU-4:0.483519;GPU-5:0.482963;GPU-6:0.481528;GPU-7:0.26088;,GPU-0:309.989;GPU-1:257.628;GPU-2:309.102;GPU-3:299.69;GPU-4:306.826;GPU-5:301.492;GPU-6:309.413;GPU-7:283.357;,GPU-0:50069504000;GPU-1:57255395328;GPU-2:50069504000;GPU-3:50069504000;GPU-4:50069504000;GPU-5:50069504000;GPU-6:48710549504;GPU-7:24886902784;,GPU-0:192265846784;GPU-1:192265846784;GPU-2:192265846784;GPU-3:192265846784;GPU-4:192265846784;GPU-5:192265846784;GPU-6:192265846784;GPU-7:192265846784;
alpha,meta-llama,2,fp16,1:24:2,0,13,2.90736,53,842,842871,18,8060980,45,0,6799157,16265582,17363900,18629422,53,8904749,GPU-0:0.497222;GPU-1:0.372593;GPU-2:0.490417;GPU-3:0.482407;GPU-4:0.491435;GPU-5:0.500787;GPU-6:0.48963;GPU-7:0.259861;,GPU-0:309.666;GPU-1:257.822;GPU-2:309.479;GPU-3:299.614;GPU-4:306.621;GPU-5:301.384;GPU-6:309.241;GPU-7:283.834;,GPU-0:50069504000;GPU-1:57255395328;GPU-2:50069504000;GPU-3:50069504000;GPU-4:50069504000;GPU-5:50069504000;GPU-6:48710549504;GPU-7:24886902784;,GPU-0:192265846784;GPU-1:192265846784;GPU-2:192265846784;GPU-3:192265846784;GPU-4:192265846784;GPU-5:192265846784;GPU-6:192265846784;GPU-7:192265846784;
alpha,meta-llama,2,fp16,1:24:2,0,17,2.93513,51,838,996690,19,10558215,52,0,11476287,17377135,18400940,19023196,51,11555807,GPU-0:0.493843;GPU-1:0.371713;GPU-2:0.494028;GPU-3:0.499769;GPU-4:0.499167;GPU-5:0.494676;GPU-6:0.475509;GPU-7:0.254815;,GPU-0:311.113;GPU-1:257.827;GPU-2:309.466;GPU-3:300.817;GPU-4:307.379;GPU-5:302.63;GPU-6:310.395;GPU-7:283.671;,GPU-0:50069504000;GPU-1:57255395328;GPU-2:50069504000;GPU-3:50069504000;GPU-4:50069504000;GPU-5:50069504000;GPU-6:48710549504;GPU-7:24886902784;,GPU-0:192265846784;GPU-1:192265846784;GPU-2:192265846784;GPU-3:192265846784;GPU-4:192265846784;GPU-5:192265846784;GPU-6:192265846784;GPU-7:192265846784;
alpha,meta-llama,2,fp16,1:24:2,0,19,2.94439,52,812,1185750,23,11904897,54,0,12889805,18414854,18837857,19440156,52,13091530,GPU-0:0.496713;GPU-1:0.374074;GPU-2:0.489352;GPU-3:0.488009;GPU-4:0.489213;GPU-5:0.495556;GPU-6:0.478519;GPU-7:0.262269;,GPU-0:310.578;GPU-1:258.048;GPU-2:308.703;GPU-3:300.481;GPU-4:307.063;GPU-5:302.314;GPU-6:310.023;GPU-7:283.038;,GPU-0:50069504000;GPU-1:57255395328;GPU-2:50069504000;GPU-3:50069504000;GPU-4:50069504000;GPU-5:50069504000;GPU-6:48710549504;GPU-7:24886902784;,GPU-0:192265846784;GPU-1:192265846784;GPU-2:192265846784;GPU-3:192265846784;GPU-4:192265846784;GPU-5:192265846784;GPU-6:192265846784;GPU-7:192265846784;
alpha,meta-llama,4,fp16,1:24:2,0,1,1.44442,50,803,259,22,2761067,44,0,2761297,2819456,2825055,2926229,50,2762190,GPU-0:0.0674537;GPU-1:0.0655093;GPU-2:0.0692593;GPU-3:0.0701852;GPU-4:0.0693519;GPU-5:0.0698611;GPU-6:0.0705556;GPU-7:0.0400926;,GPU-0:261.683;GPU-1:246.014;GPU-2:261.11;GPU-3:252.86;GPU-4:259.519;GPU-5:254.871;GPU-6:261.061;GPU-7:255.522;,GPU-0:50304385024;GPU-1:57456721920;GPU-2:50304385024;GPU-3:50304385024;GPU-4:50304385024;GPU-5:50304385024;GPU-6:48945430528;GPU-7:25088229376;,GPU-0:192265846784;GPU-1:192265846784;GPU-2:192265846784;GPU-3:192265846784;GPU-4:192265846784;GPU-5:192265846784;GPU-6:192265846784;GPU-7:192265846784;
alpha,meta-llama,4,fp16,1:24:2,0,3,2.51847,50,809,257,20,4692500,41,0,3997382,6933627,7251429,7523634,50,4693621,GPU-0:0.19162;GPU-1:0.156157;GPU-2:0.189444;GPU-3:0.191713;GPU-4:0.192176;GPU-5:0.191065;GPU-6:0.186435;GPU-7:0.104954;,GPU-0:273.98;GPU-1:250.042;GPU-2:273.106;GPU-3:265.255;GPU-4:271.917;GPU-5:267.357;GPU-6:273.841;GPU-7:262.911;,GPU-0:50304385024;GPU-1:57456721920;GPU-2:50304385024;GPU-3:50304385024;GPU-4:50304385024;GPU-5:50304385024;GPU-6:48945430528;GPU-7:25088229376;,GPU-0:192265846784;GPU-1:192265846784;GPU-2:192265846784;GPU-3:192265846784;GPU-4:192265846784;GPU-5:192265846784;GPU-6:192265846784;GPU-7:192265846784;
alpha,meta-llama,4,fp16,1:24:2,0,5,4.53694,50,793,253,18,4405247,39,0,4429879,4829606,4986830,5210282,50,4406343,GPU-0:0.346713;GPU-1:0.284676;GPU-2:0.34412;GPU-3:0.347778;GPU-4:0.346481;GPU-5:0.354769;GPU-6:0.341944;GPU-7:0.195093;,GPU-0:299.626;GPU-1:257.038;GPU-2:298.159;GPU-3:290.395;GPU-4:296.773;GPU-5:292.017;GPU-6:299.383;GPU-7:276.506;,GPU-0:50304385024;GPU-1:57456721920;GPU-2:50304385024;GPU-3:50304385024;GPU-4:50304385024;GPU-5:50304385024;GPU-6:48945430528;GPU-7:25088229376;,GPU-0:192265846784;GPU-1:192265846784;GPU-2:192265846784;GPU-3:192265846784;GPU-4:192265846784;GPU-5:192265846784;GPU-6:192265846784;GPU-7:192265846784;
alpha,meta-llama,4,fp16,1:24:2,0,7,5.27768,50,796,270,17,5243342,39,0,5250244,5491839,5557066,5721324,50,5244459,GPU-0:0.438148;GPU-1:0.333657;GPU-2:0.435648;GPU-3:0.433102;GPU-4:0.432917;GPU-5:0.431435;GPU-6:0.426574;GPU-7:0.230509;,GPU-0:309.636;GPU-1:260.292;GPU-2:309.277;GPU-3:299.163;GPU-4:305.404;GPU-5:300.505;GPU-6:308.672;GPU-7:282.992;,GPU-0:50304385024;GPU-1:57456721920;GPU-2:50304385024;GPU-3:50304385024;GPU-4:50304385024;GPU-5:50304385024;GPU-6:48945430528;GPU-7:25088229376;,GPU-0:192265846784;GPU-1:192265846784;GPU-2:192265846784;GPU-3:192265846784;GPU-4:192265846784;GPU-5:192265846784;GPU-6:192265846784;GPU-7:192265846784;
alpha,meta-llama,4,fp16,1:24:2,0,15,5.72211,54,727,939731,18,9403823,49,0,11212986,12669159,12970967,13255505,54,10344341,GPU-0:0.500741;GPU-1:0.374028;GPU-2:0.508194;GPU-3:0.487407;GPU-4:0.489815;GPU-5:0.48912;GPU-6:0.490602;GPU-7:0.261157;,GPU-0:314.604;GPU-1:261.163;GPU-2:314.113;GPU-3:304.083;GPU-4:310.502;GPU-5:305.54;GPU-6:313.28;GPU-7:284.343;,GPU-0:50304385024;GPU-1:57456721920;GPU-2:50304385024;GPU-3:50304385024;GPU-4:50304385024;GPU-5:50304385024;GPU-6:48945430528;GPU-7:25088229376;,GPU-0:192265846784;GPU-1:192265846784;GPU-2:192265846784;GPU-3:192265846784;GPU-4:192265846784;GPU-5:192265846784;GPU-6:192265846784;GPU-7:192265846784;
alpha,meta-llama,4,fp16,1:24:2,0,17,5.74061,47,766,1255615,19,10485657,52,0,11967610,13710510,13969481,14565528,47,11742104,GPU-0:0.509722;GPU-1:0.376759;GPU-2:0.495185;GPU-3:0.506019;GPU-4:0.490787;GPU-5:0.500324;GPU-6:0.494907;GPU-7:0.259537;,GPU-0:315.469;GPU-1:260.421;GPU-2:313.211;GPU-3:304.445;GPU-4:310.326;GPU-5:305.474;GPU-6:313.161;GPU-7:284.078;,GPU-0:50304385024;GPU-1:57456721920;GPU-2:50304385024;GPU-3:50304385024;GPU-4:50304385024;GPU-5:50304385024;GPU-6:48945430528;GPU-7:25088229376;,GPU-0:192265846784;GPU-1:192265846784;GPU-2:192265846784;GPU-3:192265846784;GPU-4:192265846784;GPU-5:192265846784;GPU-6:192265846784;GPU-7:192265846784;
alpha,meta-llama,4,fp16,1:24:2,0,23,5.77765,51,817,4709431,21,11061708,54,0,15665996,17705915,17973418,18469279,51,15772024,GPU-0:0.485602;GPU-1:0.36588;GPU-2:0.487731;GPU-3:0.488148;GPU-4:0.486296;GPU-5:0.495509;GPU-6:0.492176;GPU-7:0.253102;,GPU-0:312.698;GPU-1:259.304;GPU-2:312.022;GPU-3:302.603;GPU-4:309.083;GPU-5:304.009;GPU-6:311.663;GPU-7:282.491;,GPU-0:50304385024;GPU-1:57456721920;GPU-2:50304385024;GPU-3:50304385024;GPU-4:50304385024;GPU-5:50304385024;GPU-6:48945430528;GPU-7:25088229376;,GPU-0:192265846784;GPU-1:192265846784;GPU-2:192265846784;GPU-3:192265846784;GPU-4:192265846784;GPU-5:192265846784;GPU-6:192265846784;GPU-7:192265846784;
alpha,meta-llama,4,fp16,1:24:2,0,9,5.79617,51,836,669819,14,5519333,39,0,5990730,7902282,8149886,8490227,51,6190035,GPU-0:0.498056;GPU-1:0.373935;GPU-2:0.484259;GPU-3:0.482315;GPU-4:0.488519;GPU-5:0.480926;GPU-6:0.493657;GPU-7:0.257315;,GPU-0:317.087;GPU-1:261.699;GPU-2:313.931;GPU-3:306.072;GPU-4:311.999;GPU-5:307.709;GPU-6:315.697;GPU-7:285.524;,GPU-0:50304385024;GPU-1:57456721920;GPU-2:50304385024;GPU-3:50304385024;GPU-4:50304385024;GPU-5:50304385024;GPU-6:48945430528;GPU-7:25088229376;,GPU-0:192265846784;GPU-1:192265846784;GPU-2:192265846784;GPU-3:192265846784;GPU-4:192265846784;GPU-5:192265846784;GPU-6:192265846784;GPU-7:192265846784;
alpha,meta-llama,4,fp16,1:24:2,0,19,5.79618,48,773,2463711,20,10531181,53,0,13322905,14951651,15358468,16212104,48,12995731,GPU-0:0.489583;GPU-1:0.367546;GPU-2:0.492222;GPU-3:0.49713;GPU-4:0.485972;GPU-5:0.493889;GPU-6:0.487639;GPU-7:0.260417;,GPU-0:314.662;GPU-1:260.167;GPU-2:312.356;GPU-3:304.03;GPU-4:310.313;GPU-5:305.436;GPU-6:312.98;GPU-7:283.549;,GPU-0:50304385024;GPU-1:57456721920;GPU-2:50304385024;GPU-3:50304385024;GPU-4:50304385024;GPU-5:50304385024;GPU-6:48945430528;GPU-7:25088229376;,GPU-0:192265846784;GPU-1:192265846784;GPU-2:192265846784;GPU-3:192265846784;GPU-4:192265846784;GPU-5:192265846784;GPU-6:192265846784;GPU-7:192265846784;
alpha,meta-llama,4,fp16,1:24:2,0,13,5.81469,51,817,856323,17,8122313,47,0,8535298,12586025,12816932,12955883,51,8979510,GPU-0:0.48537;GPU-1:0.363843;GPU-2:0.477639;GPU-3:0.480139;GPU-4:0.480093;GPU-5:0.487917;GPU-6:0.474676;GPU-7:0.255185;,GPU-0:316.109;GPU-1:261.348;GPU-2:313.821;GPU-3:305.288;GPU-4:310.812;GPU-5:306.905;GPU-6:315.318;GPU-7:285.216;,GPU-0:50304385024;GPU-1:57456721920;GPU-2:50304385024;GPU-3:50304385024;GPU-4:50304385024;GPU-5:50304385024;GPU-6:48945430528;GPU-7:25088229376;,GPU-0:192265846784;GPU-1:192265846784;GPU-2:192265846784;GPU-3:192265846784;GPU-4:192265846784;GPU-5:192265846784;GPU-6:192265846784;GPU-7:192265846784;
alpha,meta-llama,4,fp16,1:24:2,0,21,5.83321,53,857,3397682,20,10979913,54,0,14476127,16267808,17046617,18033710,53,14378519,GPU-0:0.500417;GPU-1:0.366667;GPU-2:0.485833;GPU-3:0.485556;GPU-4:0.496111;GPU-5:0.473333;GPU-6:0.476296;GPU-7:0.254444;,GPU-0:314.2;GPU-1:259.962;GPU-2:313.225;GPU-3:303.526;GPU-4:309.598;GPU-5:305.384;GPU-6:311.964;GPU-7:283.003;,GPU-0:50304385024;GPU-1:57456721920;GPU-2:50304385024;GPU-3:50304385024;GPU-4:50304385024;GPU-5:50304385024;GPU-6:48945430528;GPU-7:25088229376;,GPU-0:192265846784;GPU-1:192265846784;GPU-2:192265846784;GPU-3:192265846784;GPU-4:192265846784;GPU-5:192265846784;GPU-6:192265846784;GPU-7:192265846784;
alpha,meta-llama,4,fp16,1:24:2,0,11,5.83321,51,836,753004,16,6750162,43,0,6546420,11376498,12314130,13079056,51,7504053,GPU-0:0.495833;GPU-1:0.370787;GPU-2:0.492639;GPU-3:0.493102;GPU-4:0.496111;GPU-5:0.496898;GPU-6:0.49088;GPU-7:0.258009;,GPU-0:317.037;GPU-1:261.678;GPU-2:314.936;GPU-3:305.448;GPU-4:311.842;GPU-5:307.152;GPU-6:315.937;GPU-7:286.347;,GPU-0:50304385024;GPU-1:57456721920;GPU-2:50304385024;GPU-3:50304385024;GPU-4:50304385024;GPU-5:50304385024;GPU-6:48945430528;GPU-7:25088229376;,GPU-0:192265846784;GPU-1:192265846784;GPU-2:192265846784;GPU-3:192265846784;GPU-4:192265846784;GPU-5:192265846784;GPU-6:192265846784;GPU-7:192265846784;
beta,gemma3,1,bf16,1:24:8,0,9,0.694438,52,754,6288473,52,6518969,72,0,12923933,13359302,13399259,13434803,52,12808313,GPU-0:0;GPU-1:0.582346;GPU-2:0;GPU-3:0;GPU-4:0;GPU-5:0;GPU-6:0;GPU-7:0;,GPU-0:191.908;GPU-1:312.582;GPU-2:192.48;GPU-3:187.907;GPU-4:193.093;GPU-5:189.456;GPU-6:191.221;GPU-7:191.836;,GPU-0:46149926912;GPU-1:52780072960;GPU-2:46149926912;GPU-3:46149926912;GPU-4:46149926912;GPU-5:46149926912;GPU-6:44807749632;GPU-7:23129489408;,GPU-0:192265846784;GPU-1:192265846784;GPU-2:192265846784;GPU-3:192265846784;GPU-4:192265846784;GPU-5:192265846784;GPU-6:192265846784;GPU-7:192265846784;
beta,gemma3,1,bf16,1:24:8,0,5,0.695982,51,856,2284733,32,4871369,58,0,7178136,7192284,7663571,7691097,51,7157041,GPU-0:0;GPU-1:0.583287;GPU-2:0;GPU-3:0;GPU-4:0;GPU-5:0;GPU-6:0;GPU-7:0;,GPU-0:192.101;GPU-1:312.537;GPU-2:192.681;GPU-3:188.067;GPU-4:193.263;GPU-5:189.613;GPU-6:191.403;GPU-7:191.984;,GPU-0:46149926912;GPU-1:52780072960;GPU-2:46149926912;GPU-3:46149926912;GPU-4:46149926912;GPU-5:46149926912;GPU-6:44807749632;GPU-7:23129489408;,GPU-0:192265846784;GPU-1:192265846784;GPU-2:192265846784;GPU-3:192265846784;GPU-4:192265846784;GPU-5:192265846784;GPU-6:192265846784;GPU-7:192265846784;
beta,gemma3,1,bf16,1:24:8,0,17,0.697522,54,894,14498014,62,9955439,100,0,24426258,27270785,30156274,32268901,54,24454502,GPU-0:0;GPU-1:0.578117;GPU-2:0;GPU-3:0;GPU-4:0;GPU-5:0;GPU-6:0;GPU-7:0;,GPU-0:191.67;GPU-1:312.448;GPU-2:192.407;GPU-3:187.726;GPU-4:193.333;GPU-5:189.699;GPU-6:191.41;GPU-7:191.963;,GPU-0:46149926912;GPU-1:52780072960;GPU-2:46149926912;GPU-3:46149926912;GPU-4:46149926912;GPU-5:46149926912;GPU-6:44807749632;GPU-7:23129489408;,GPU-0:192265846784;GPU-1:192265846784;GPU-2:192265846784;GPU-3:192265846784;GPU-4:192265846784;GPU-5:192265846784;GPU-6:192265846784;GPU-7:192265846784;
beta,gemma3,1,bf16,1:24:8,0,1,0.697524,48,808,279,16,1430808,34,0,1436579,1439044,1440900,1915245,48,1431940,GPU-0:0;GPU-1:0.582917;GPU-2:0;GPU-3:0;GPU-4:0;GPU-5:0;GPU-6:0;GPU-7:0;,GPU-0:192.346;GPU-1:312.97;GPU-2:192.887;GPU-3:188.32;GPU-4:193.487;GPU-5:189.743;GPU-6:191.575;GPU-7:192.113;,GPU-0:46149926912;GPU-1:52780072960;GPU-2:46149926912;GPU-3:46149926912;GPU-4:46149926912;GPU-5:46149926912;GPU-6:44807749632;GPU-7:23129489408;,GPU-0:192265846784;GPU-1:192265846784;GPU-2:192265846784;GPU-3:192265846784;GPU-4:192265846784;GPU-5:192265846784;GPU-6:192265846784;GPU-7:192265846784;
beta,gemma3,1,bf16,1:24:8,0,13,0.700611,53,744,8714871,81,9812659,101,0,18658478,19049234,19117711,19158586,53,18528450,GPU-0:0;GPU-1:0.580401;GPU-2:0;GPU-3:0;GPU-4:0;GPU-5:0;GPU-6:0;GPU-7:0;,GPU-0:191.575;GPU-1:312.225;GPU-2:192.124;GPU-3:187.566;GPU-4:192.858;GPU-5:189.223;GPU-6:190.966;GPU-7:191.488;,GPU-0:46149926912;GPU-1:52780072960;GPU-2:46149926912;GPU-3:46149926912;GPU-4:46149926912;GPU-5:46149926912;GPU-6:44807749632;GPU-7:23129489408;,GPU-0:192265846784;GPU-1:192265846784;GPU-2:192265846784;GPU-3:192265846784;GPU-4:192265846784;GPU-5:192265846784;GPU-6:192265846784;GPU-7:192265846784;
beta,gemma3,1,bf16,1:24:8,0,21,0.702155,53,833,19065293,81,10504357,107,0,29955597,32785985,33253920,34478680,53,29570664,GPU-0:0;GPU-1:0.588071;GPU-2:0;GPU-3:0;GPU-4:0;GPU-5:0;GPU-6:0;GPU-7:0;,GPU-0:191.865;GPU-1:313.421;GPU-2:192.634;GPU-3:187.866;GPU-4:193.49;GPU-5:189.893;GPU-6:191.622;GPU-7:192.221;,GPU-0:46149926912;GPU-1:52780072960;GPU-2:46149926912;GPU-3:46149926912;GPU-4:46149926912;GPU-5:46149926912;GPU-6:44807749632;GPU-7:23129489408;,GPU-0:192265846784;GPU-1:192265846784;GPU-2:192265846784;GPU-3:192265846784;GPU-4:192265846784;GPU-5:192265846784;GPU-6:192265846784;GPU-7:192265846784;
beta,gemma3,8,bf16,1:24:8,0,1,4.49378,51,812,285,17,1774582,38,0,1764935,1773617,1774348,1776334,51,1775727,GPU-0:0;GPU-1:0.652546;GPU-2:0;GPU-3:0;GPU-4:0;GPU-5:0;GPU-6:0;GPU-7:0;,GPU-0:192.166;GPU-1:321.617;GPU-2:192.965;GPU-3:188.119;GPU-4:193.754;GPU-5:190.187;GPU-6:191.902;GPU-7:192.455;,GPU-0:46149926912;GPU-1:53124005888;GPU-2:46149926912;GPU-3:46149926912;GPU-4:46149926912;GPU-5:46149926912;GPU-6:44807749632;GPU-7:23129489408;,GPU-0:192265846784;GPU-1:192265846784;GPU-2:192265846784;GPU-3:192265846784;GPU-4:192265846784;GPU-5:192265846784;GPU-6:192265846784;GPU-7:192265846784;
beta,gemma3,8,bf16,1:24:8,0,9,4.49378,52,741,14067495,15,1778192,36,0,15924754,15952716,17002053,17028749,52,15846471,GPU-0:0;GPU-1:0.657608;GPU-2:0;GPU-3:0;GPU-4:0;GPU-5:0;GPU-6:0;GPU-7:0;,GPU-0:192.196;GPU-1:321.347;GPU-2:193.063;GPU-3:188.132;GPU-4:193.803;GPU-5:190.228;GPU-6:191.971;GPU-7:192.562;,GPU-0:46149926912;GPU-1:53124005888;GPU-2:46149926912;GPU-3:46149926912;GPU-4:46149926912;GPU-5:46149926912;GPU-6:44807749632;GPU-7:23129489408;,GPU-0:192265846784;GPU-1:192265846784;GPU-2:192265846784;GPU-3:192265846784;GPU-4:192265846784;GPU-5:192265846784;GPU-6:192265846784;GPU-7:192265846784;
beta,gemma3,8,bf16,1:24:8,0,13,4.50613,54,775,21104581,15,1774742,36,0,22995126,23032610,24075307,24088521,54,22880139,GPU-0:0;GPU-1:0.65642;GPU-2:0;GPU-3:0;GPU-4:0;GPU-5:0;GPU-6:0;GPU-7:0;,GPU-0:192.021;GPU-1:321.528;GPU-2:192.886;GPU-3:187.972;GPU-4:193.681;GPU-5:190.135;GPU-6:191.861;GPU-7:192.384;,GPU-0:46149926912;GPU-1:53124005888;GPU-2:46149926912;GPU-3:46149926912;GPU-4:46149926912;GPU-5:46149926912;GPU-6:44807749632;GPU-7:23129489408;,GPU-0:192265846784;GPU-1:192265846784;GPU-2:192265846784;GPU-3:192265846784;GPU-4:192265846784;GPU-5:192265846784;GPU-6:192265846784;GPU-7:192265846784;
beta,gemma3,8,bf16,1:24:8,0,17,4.50613,52,734,28156188,15,1778428,36,0,30093336,31138725,31154813,31179489,52,29935395,GPU-0:0;GPU-1:0.651914;GPU-2:0;GPU-3:0;GPU-4:0;GPU-5:0;GPU-6:0;GPU-7:0;,GPU-0:192.131;GPU-1:321.336;GPU-2:192.938;GPU-3:188.089;GPU-4:193.756;GPU-5:190.197;GPU-6:191.89;GPU-7:192.427;,GPU-0:46149926912;GPU-1:53124005888;GPU-2:46149926912;GPU-3:46149926912;GPU-4:46149926912;GPU-5:46149926912;GPU-6:44807749632;GPU-7:23129489408;,GPU-0:192265846784;GPU-1:192265846784;GPU-2:192265846784;GPU-3:192265846784;GPU-4:192265846784;GPU-5:192265846784;GPU-6:192265846784;GPU-7:192265846784;
beta,gemma3,8,bf16,1:24:8,0,5,4.50613,52,771,7046134,15,1778497,36,0,8848509,8862772,8870698,10037434,52,8825443,GPU-0:0;GPU-1:0.651312;GPU-2:0;GPU-3:0;GPU-4:0;GPU-5:0;GPU-6:0;GPU-7:0;,GPU-0:192.221;GPU-1:321.354;GPU-2:193.047;GPU-3:188.14;GPU-4:193.796;GPU-5:190.227;GPU-6:191.975;GPU-7:192.509;,GPU-0:46149926912;GPU-1:53124005888;GPU-2:46149926912;GPU-3:46149926912;GPU-4:46149926912;GPU-5:46149926912;GPU-6:44807749632;GPU-7:23129489408;,GPU-0:192265846784;GPU-1:192265846784;GPU-2:192265846784;GPU-3:192265846784;GPU-4:192265846784;GPU-5:192265846784;GPU-6:192265846784;GPU-7:192265846784;
beta,gemma3,8,bf16,1:24:8,0,21,4.50613,54,782,35082895,15,1771992,36,0,37033644,38069372,38080168,38104972,54,36855712,GPU-0:0;GPU-1:0.654537;GPU-2:0;GPU-3:0;GPU-4:0;GPU-5:0;GPU-6:0;GPU-7:0;,GPU-0:192.467;GPU-1:322.425;GPU-2:193.26;GPU-3:188.376;GPU-4:193.961;GPU-5:190.364;GPU-6:191.944;GPU-7:192.691;,GPU-0:46149926912;GPU-1:53124005888;GPU-2:46149926912;GPU-3:46149926912;GPU-4:46149926912;GPU-5:46149926912;GPU-6:44807749632;GPU-7:23129489408;,GPU-0:192265846784;GPU-1:192265846784;GPU-2:192265846784;GPU-3:192265846784;GPU-4:192265846784;GPU-5:192265846784;GPU-6:192265846784;GPU-7:192265846784;
beta,mistral,1,bf16,1:24:8,0,1,0.385799,50,762,281,19,2589985,39,0,2573038,2694056,2706639,2734755,50,2591082,GPU-0:0.0680401;GPU-1:0.0652315;GPU-2:0.0689969;GPU-3:0.0685185;GPU-4:0.0697994;GPU-5:0.069321;GPU-6:0.0750309;GPU-7:0;,GPU-0:258.59;GPU-1:250.284;GPU-2:258.904;GPU-3:250.876;GPU-4:257.781;GPU-5:253.234;GPU-6:257.48;GPU-7:195.416;,GPU-0:47743762432;GPU-1:54734618624;GPU-2:47743762432;GPU-3:47743762432;GPU-4:47743762432;GPU-5:47743762432;GPU-6:46401585152;GPU-7:23129489408;,GPU-0:192265846784;GPU-1:192265846784;GPU-2:192265846784;GPU-3:192265846784;GPU-4:192265846784;GPU-5:192265846784;GPU-6:192265846784;GPU-7:192265846784;
beta,mistral,1,bf16,1:24:8,0,5,1.81325,50,727,269,17,2759333,36,0,2753201,2823691,2866328,2940306,50,2760377,GPU-0:0.38642;GPU-1:0.384676;GPU-2:0.39909;GPU-3:0.383071;GPU-4:0.424923;GPU-5:0.415123;GPU-6:0.41162;GPU-7:0;,GPU-0:318.799;GPU-1:286.363;GPU-2:318.595;GPU-3:309.158;GPU-4:316.294;GPU-5:311.116;GPU-6:312.078;GPU-7:196.663;,GPU-0:47743762432;GPU-1:54734618624;GPU-2:47743762432;GPU-3:47743762432;GPU-4:47743762432;GPU-5:47743762432;GPU-6:46401585152;GPU-7:23129489408;,GPU-0:192265846784;GPU-1:192265846784;GPU-2:192265846784;GPU-3:192265846784;GPU-4:192265846784;GPU-5:192265846784;GPU-6:192265846784;GPU-7:192265846784;
beta,mistral,1,bf16,1:24:8,0,13,2.02467,50,822,537949,17,5874448,44,0,4380492,19612875,20399077,21028885,50,6413276,GPU-0:0.51108;GPU-1:0.471698;GPU-2:0.533935;GPU-3:0.584244;GPU-4:0.576698;GPU-5:0.548997;GPU-6:0.497932;GPU-7:0;,GPU-0:327.179;GPU-1:290.58;GPU-2:326.463;GPU-3:318.17;GPU-4:324.116;GPU-5:318.67;GPU-6:318.037;GPU-7:194.822;,GPU-0:47743762432;GPU-1:54734618624;GPU-2:47743762432;GPU-3:47743762432;GPU-4:47743762432;GPU-5:47743762432;GPU-6:46401585152;GPU-7:23129489408;,GPU-0:192265846784;GPU-1:192265846784;GPU-2:192265846784;GPU-3:192265846784;GPU-4:192265846784;GPU-5:192265846784;GPU-6:192265846784;GPU-7:192265846784;
beta,mistral,1,bf16,1:24:8,0,9,2.03084,50,770,492080,13,3939754,38,0,4116008,5286994,5381582,5563418,50,4432650,GPU-0:0.522608;GPU-1:0.467145;GPU-2:0.525062;GPU-3:0.564877;GPU-4:0.566373;GPU-5:0.535833;GPU-6:0.491049;GPU-7:0;,GPU-0:328.182;GPU-1:291.457;GPU-2:327.759;GPU-3:319.386;GPU-4:325.068;GPU-5:319.665;GPU-6:318.7;GPU-7:195.366;,GPU-0:47743762432;GPU-1:54734618624;GPU-2:47743762432;GPU-3:47743762432;GPU-4:47743762432;GPU-5:47743762432;GPU-6:46401585152;GPU-7:23129489408;,GPU-0:192265846784;GPU-1:192265846784;GPU-2:192265846784;GPU-3:192265846784;GPU-4:192265846784;GPU-5:192265846784;GPU-6:192265846784;GPU-7:192265846784;
beta,mistral,1,bf16,1:24:8,0,17,2.03239,50,783,571280,21,7747812,50,0,4639157,31442877,31967985,32628815,50,8319941,GPU-0:0.516065;GPU-1:0.467407;GPU-2:0.526543;GPU-3:0.578565;GPU-4:0.575802;GPU-5:0.550741;GPU-6:0.496343;GPU-7:0;,GPU-0:327.186;GPU-1:290.469;GPU-2:326.414;GPU-3:318.27;GPU-4:324.165;GPU-5:318.653;GPU-6:317.592;GPU-7:194.369;,GPU-0:47743762432;GPU-1:54734618624;GPU-2:47743762432;GPU-3:47743762432;GPU-4:47743762432;GPU-5:47743762432;GPU-6:46401585152;GPU-7:23129489408;,GPU-0:192265846784;GPU-1:192265846784;GPU-2:192265846784;GPU-3:192265846784;GPU-4:192265846784;GPU-5:192265846784;GPU-6:192265846784;GPU-7:192265846784;
beta,mistral,1,bf16,1:24:8,0,21,2.04627,51,703,711346,23,9633416,55,0,5921756,27310514,27883895,29109209,51,10345537,GPU-0:0.505972;GPU-1:0.467886;GPU-2:0.527099;GPU-3:0.579167;GPU-4:0.568302;GPU-5:0.549537;GPU-6:0.498194;GPU-7:0;,GPU-0:327.901;GPU-1:291.072;GPU-2:327.061;GPU-3:318.803;GPU-4:325.208;GPU-5:319.259;GPU-6:318.414;GPU-7:194.844;,GPU-0:47743762432;GPU-1:54734618624;GPU-2:47743762432;GPU-3:47743762432;GPU-4:47743762432;GPU-5:47743762432;GPU-6:46401585152;GPU-7:23129489408;,GPU-0:192265846784;GPU-1:192265846784;GPU-2:192265846784;GPU-3:192265846784;GPU-4:192265846784;GPU-5:192265846784;GPU-6:192265846784;GPU-7:192265846784;
beta,mistral,8,bf16,1:24:8,0,1,3.0617,52,828,291,21,2605507,42,0,2589265,2701591,2743106,2803012,52,2606681,GPU-0:0.0807099;GPU-1:0.0720988;GPU-2:0.079537;GPU-3:0.0805093;GPU-4:0.0813117;GPU-5:0.0808488;GPU-6:0.0853395;GPU-7:0;,GPU-0:263.002;GPU-1:251.959;GPU-2:262.701;GPU-3:254.862;GPU-4:261.429;GPU-5:256.147;GPU-6:259.607;GPU-7:194.255;,GPU-0:49002053632;GPU-1:55992909824;GPU-2:49002053632;GPU-3:49002053632;GPU-4:49002053632;GPU-5:49002053632;GPU-6:47659876352;GPU-7:23129489408;,GPU-0:192265846784;GPU-1:192265846784;GPU-2:192265846784;GPU-3:192265846784;GPU-4:192265846784;GPU-5:192265846784;GPU-6:192265846784;GPU-7:192265846784;
beta,mistral,8,bf16,1:24:8,0,5,13.6418,50,802,274,18,2925219,38,0,2917180,3044655,3081821,3164882,50,2926345,GPU-0:0.416806;GPU-1:0.394383;GPU-2:0.430957;GPU-3:0.414645;GPU-4:0.450818;GPU-5:0.448812;GPU-6:0.436559;GPU-7:0;,GPU-0:332.602;GPU-1:293.971;GPU-2:332.293;GPU-3:322.576;GPU-4:330.012;GPU-5:324.698;GPU-6:321.789;GPU-7:194.98;,GPU-0:49002053632;GPU-1:55992909824;GPU-2:49002053632;GPU-3:49002053632;GPU-4:49002053632;GPU-5:49002053632;GPU-6:47659876352;GPU-7:23129489408;,GPU-0:192265846784;GPU-1:192265846784;GPU-2:192265846784;GPU-3:192265846784;GPU-4:192265846784;GPU-5:192265846784;GPU-6:192265846784;GPU-7:192265846784;
beta,mistral,8,bf16,1:24:8,0,13,14.1727,52,808,2798398,14,4510093,40,0,7054937,8344252,8517723,8761466,52,7309339,GPU-0:0.528719;GPU-1:0.44625;GPU-2:0.535278;GPU-3:0.532978;GPU-4:0.575617;GPU-5:0.565448;GPU-6:0.486605;GPU-7:0;,GPU-0:338.583;GPU-1:296.973;GPU-2:338.011;GPU-3:328.27;GPU-4:335.714;GPU-5:330.127;GPU-6:326.326;GPU-7:195.301;,GPU-0:49002053632;GPU-1:55992909824;GPU-2:49002053632;GPU-3:49002053632;GPU-4:49002053632;GPU-5:49002053632;GPU-6:47659876352;GPU-7:23129489408;,GPU-0:192265846784;GPU-1:192265846784;GPU-2:192265846784;GPU-3:192265846784;GPU-4:192265846784;GPU-5:192265846784;GPU-6:192265846784;GPU-7:192265846784;
beta,mistral,8,bf16,1:24:8,0,21,14.2097,55,815,7283408,14,4507770,40,0,11831181,12458178,12645560,12886976,55,11792039,GPU-0:0.518009;GPU-1:0.449892;GPU-2:0.543873;GPU-3:0.534367;GPU-4:0.580525;GPU-5:0.566327;GPU-6:0.491096;GPU-7:0;,GPU-0:339.045;GPU-1:297.639;GPU-2:338.256;GPU-3:328.87;GPU-4:336.076;GPU-5:330.521;GPU-6:326.93;GPU-7:195.498;,GPU-0:49002053632;GPU-1:55992909824;GPU-2:49002053632;GPU-3:49002053632;GPU-4:49002053632;GPU-5:49002053632;GPU-6:47659876352;GPU-7:23129489408;,GPU-0:192265846784;GPU-1:192265846784;GPU-2:192265846784;GPU-3:192265846784;GPU-4:192265846784;GPU-5:192265846784;GPU-6:192265846784;GPU-7:192265846784;
beta,mistral,8,bf16,1:24:8,0,17,14.2221,54,826,5030654,14,4498330,40,0,9455409,10285093,10479674,10741945,54,9529856,GPU-0:0.53375;GPU-1:0.442793;GPU-2:0.539383;GPU-3:0.541543;GPU-4:0.587407;GPU-5:0.567407;GPU-6:0.488426;GPU-7:0;,GPU-0:338.598;GPU-1:297.293;GPU-2:338.033;GPU-3:327.96;GPU-4:335.768;GPU-5:330.133;GPU-6:326.287;GPU-7:195.427;,GPU-0:49002053632;GPU-1:55992909824;GPU-2:49002053632;GPU-3:49002053632;GPU-4:49002053632;GPU-5:49002053632;GPU-6:47659876352;GPU-7:23129489408;,GPU-0:192265846784;GPU-1:192265846784;GPU-2:192265846784;GPU-3:192265846784;GPU-4:192265846784;GPU-5:192265846784;GPU-6:192265846784;GPU-7:192265846784;
beta,mistral,8,bf16,1:24:8,0,9,14.2344,53,833,557106,14,4491709,39,0,4723330,6395613,6609313,6809049,53,5049691,GPU-0:0.535077;GPU-1:0.444645;GPU-2:0.544552;GPU-3:0.535679;GPU-4:0.577346;GPU-5:0.556497;GPU-6:0.488981;GPU-7:0;,GPU-0:338.739;GPU-1:297.215;GPU-2:337.788;GPU-3:328.209;GPU-4:335.839;GPU-5:329.817;GPU-6:326.303;GPU-7:195.343;,GPU-0:49002053632;GPU-1:55992909824;GPU-2:49002053632;GPU-3:49002053632;GPU-4:49002053632;GPU-5:49002053632;GPU-6:47659876352;GPU-7:23129489408;,GPU-0:192265846784;GPU-1:192265846784;GPU-2:192265846784;GPU-3:192265846784;GPU-4:192265846784;GPU-5:192265846784;GPU-6:192265846784;GPU-7:192265846784;
beta,meta-llama,1,bf16,1:24:8,0,1,0.371909,50,766,271,18,2691346,40,0,2722669,2764501,2780862,2815467,50,2692435,GPU-0:0.0661574;GPU-1:0.057608;GPU-2:0.0668827;GPU-3:0.0650154;GPU-4:0.0673765;GPU-5:0.0671605;GPU-6:0.0663735;GPU-7:0.04;,GPU-0:258.294;GPU-1:243.865;GPU-2:257.896;GPU-3:250.407;GPU-4:256.699;GPU-5:251.845;GPU-6:257.627;GPU-7:253.081;,GPU-0:50595889152;GPU-1:57569968128;GPU-2:50595889152;GPU-3:50595889152;GPU-4:50595889152;GPU-5:50595889152;GPU-6:49253711872;GPU-7:24706547712;,GPU-0:192265846784;GPU-1:192265846784;GPU-2:192265846784;GPU-3:192265846784;GPU-4:192265846784;GPU-5:192265846784;GPU-6:192265846784;GPU-7:192265846784;
beta,meta-llama,1,bf16,1:24:8,0,5,1.31017,52,707,260,17,3819417,36,0,3814646,4135855,4229990,4391432,52,3820431,GPU-0:0.362253;GPU-1:0.272253;GPU-2:0.35966;GPU-3:0.36909;GPU-4:0.356759;GPU-5:0.359907;GPU-6:0.348966;GPU-7:0.211883;,GPU-0:299.008;GPU-1:253.147;GPU-2:298.001;GPU-3:289.535;GPU-4:295.878;GPU-5:291.081;GPU-6:297.995;GPU-7:277.011;,GPU-0:50595889152;GPU-1:57569968128;GPU-2:50595889152;GPU-3:50595889152;GPU-4:50595889152;GPU-5:50595889152;GPU-6:49253711872;GPU-7:24706547712;,GPU-0:192265846784;GPU-1:192265846784;GPU-2:192265846784;GPU-3:192265846784;GPU-4:192265846784;GPU-5:192265846784;GPU-6:192265846784;GPU-7:192265846784;
beta,meta-llama,1,bf16,1:24:8,0,17,1.59721,52,807,858299,20,9726189,49,0,5900374,26272858,26981742,27397969,52,10585359,GPU-0:0.500756;GPU-1:0.354691;GPU-2:0.495324;GPU-3:0.506312;GPU-4:0.499198;GPU-5:0.501435;GPU-6:0.484614;GPU-7:0.274074;,GPU-0:311.685;GPU-1:255.843;GPU-2:310.356;GPU-3:301.91;GPU-4:308.239;GPU-5:302.801;GPU-6:309.95;GPU-7:284.453;,GPU-0:50595889152;GPU-1:57569968128;GPU-2:50595889152;GPU-3:50595889152;GPU-4:50595889152;GPU-5:50595889152;GPU-6:49253711872;GPU-7:24706547712;,GPU-0:192265846784;GPU-1:192265846784;GPU-2:192265846784;GPU-3:192265846784;GPU-4:192265846784;GPU-5:192265846784;GPU-6:192265846784;GPU-7:192265846784;
beta,meta-llama,1,bf16,1:24:8,0,21,1.60184,52,814,843456,23,12144965,54,0,6418071,25957171,26483683,26967071,52,12989306,GPU-0:0.502191;GPU-1:0.35662;GPU-2:0.494923;GPU-3:0.512855;GPU-4:0.507731;GPU-5:0.498827;GPU-6:0.493287;GPU-7:0.27537;,GPU-0:312.489;GPU-1:256.172;GPU-2:311.354;GPU-3:303.111;GPU-4:309.247;GPU-5:303.824;GPU-6:311.083;GPU-7:283.879;,GPU-0:50595889152;GPU-1:57569968128;GPU-2:50595889152;GPU-3:50595889152;GPU-4:50595889152;GPU-5:50595889152;GPU-6:49253711872;GPU-7:24706547712;,GPU-0:192265846784;GPU-1:192265846784;GPU-2:192265846784;GPU-3:192265846784;GPU-4:192265846784;GPU-5:192265846784;GPU-6:192265846784;GPU-7:192265846784;
beta,meta-llama,1,bf16,1:24:8,0,9,1.60338,51,800,621386,14,5000512,37,0,5210561,7917511,8193191,8495939,51,5622743,GPU-0:0.489985;GPU-1:0.353256;GPU-2:0.494722;GPU-3:0.51;GPU-4:0.495309;GPU-5:0.502593;GPU-6:0.490015;GPU-7:0.274259;,GPU-0:312.015;GPU-1:255.894;GPU-2:310.824;GPU-3:302.351;GPU-4:308.486;GPU-5:303.134;GPU-6:310.666;GPU-7:283.62;,GPU-0:50595889152;GPU-1:57569968128;GPU-2:50595889152;GPU-3:50595889152;GPU-4:50595889152;GPU-5:50595889152;GPU-6:49253711872;GPU-7:24706547712;,GPU-0:192265846784;GPU-1:192265846784;GPU-2:192265846784;GPU-3:192265846784;GPU-4:192265846784;GPU-5:192265846784;GPU-6:192265846784;GPU-7:192265846784;
beta,meta-llama,1,bf16,1:24:8,0,13,1.60338,53,780,677665,18,7394434,43,0,5502047,25002016,25448520,26876530,53,8072934,GPU-0:0.499336;GPU-1:0.35412;GPU-2:0.494167;GPU-3:0.504769;GPU-4:0.50392;GPU-5:0.494599;GPU-6:0.492469;GPU-7:0.276667;,GPU-0:312.162;GPU-1:256.071;GPU-2:310.882;GPU-3:302.649;GPU-4:308.648;GPU-5:303.357;GPU-6:310.785;GPU-7:283.867;,GPU-0:50595889152;GPU-1:57569968128;GPU-2:50595889152;GPU-3:50595889152;GPU-4:50595889152;GPU-5:50595889152;GPU-6:49253711872;GPU-7:24706547712;,GPU-0:192265846784;GPU-1:192265846784;GPU-2:192265846784;GPU-3:192265846784;GPU-4:192265846784;GPU-5:192265846784;GPU-6:192265846784;GPU-7:192265846784;
beta,meta-llama,8,bf16,1:24:8,0,1,2.86418,52,790,284,22,2781010,42,0,2796165,2892277,2898140,3040682,52,2782140,GPU-0:0.0754475;GPU-1:0.069784;GPU-2:0.0746142;GPU-3:0.0754475;GPU-4:0.0755864;GPU-5:0.0750309;GPU-6:0.0751389;GPU-7:0.0418364;,GPU-0:261.912;GPU-1:246.017;GPU-2:261.765;GPU-3:253.825;GPU-4:260.366;GPU-5:255.411;GPU-6:261.322;GPU-7:253.511;,GPU-0:51736739840;GPU-1:58526269440;GPU-2:51736739840;GPU-3:51736739840;GPU-4:51736739840;GPU-5:51736739840;GPU-6:50394562560;GPU-7:25662849024;,GPU-0:192265846784;GPU-1:192265846784;GPU-2:192265846784;GPU-3:192265846784;GPU-4:192265846784;GPU-5:192265846784;GPU-6:192265846784;GPU-7:192265846784;
beta,meta-llama,8,bf16,1:24:8,0,5,9.02461,51,776,265,17,4423326,39,0,4403482,4838542,4928625,5139232,51,4424416,GPU-0:0.357377;GPU-1:0.292917;GPU-2:0.354367;GPU-3:0.358673;GPU-4:0.349151;GPU-5:0.354043;GPU-6:0.349753;GPU-7:0.198673;,GPU-0:305.359;GPU-1:260.12;GPU-2:304.895;GPU-3:295.988;GPU-4:302.825;GPU-5:297.899;GPU-6:304.706;GPU-7:276.698;,GPU-0:51736739840;GPU-1:58526269440;GPU-2:51736739840;GPU-3:51736739840;GPU-4:51736739840;GPU-5:51736739840;GPU-6:50394562560;GPU-7:25662849024;,GPU-0:192265846784;GPU-1:192265846784;GPU-2:192265846784;GPU-3:192265846784;GPU-4:192265846784;GPU-5:192265846784;GPU-6:192265846784;GPU-7:192265846784;
beta,meta-llama,8,bf16,1:24:8,0,13,11.1974,51,815,3533123,14,5707631,39,0,9295557,9864116,10031796,10450724,51,9241617,GPU-0:0.499815;GPU-1:0.370448;GPU-2:0.487793;GPU-3:0.482731;GPU-4:0.491435;GPU-5:0.486975;GPU-6:0.475633;GPU-7:0.253827;,GPU-0:320.243;GPU-1:263.921;GPU-2:318.662;GPU-3:309.891;GPU-4:316.235;GPU-5:311.387;GPU-6:319.14;GPU-7:284.105;,GPU-0:51736739840;GPU-1:58526269440;GPU-2:51736739840;GPU-3:51736739840;GPU-4:51736739840;GPU-5:51736739840;GPU-6:50394562560;GPU-7:25662849024;,GPU-0:192265846784;GPU-1:192265846784;GPU-2:192265846784;GPU-3:192265846784;GPU-4:192265846784;GPU-5:192265846784;GPU-6:192265846784;GPU-7:192265846784;
beta,meta-llama,8,bf16,1:24:8,0,21,11.2345,53,814,9183189,15,5689091,39,0,15267852,16278095,16470415,16796232,53,14873141,GPU-0:0.501451;GPU-1:0.367917;GPU-2:0.484167;GPU-3:0.484414;GPU-4:0.491667;GPU-5:0.483611;GPU-6:0.479599;GPU-7:0.255123;,GPU-0:320.703;GPU-1:264.232;GPU-2:319.156;GPU-3:310.676;GPU-4:317.356;GPU-5:311.664;GPU-6:319.431;GPU-7:284.693;,GPU-0:51736739840;GPU-1:58526269440;GPU-2:51736739840;GPU-3:51736739840;GPU-4:51736739840;GPU-5:51736739840;GPU-6:50394562560;GPU-7:25662849024;,GPU-0:192265846784;GPU-1:192265846784;GPU-2:192265846784;GPU-3:192265846784;GPU-4:192265846784;GPU-5:192265846784;GPU-6:192265846784;GPU-7:192265846784;
beta,meta-llama,8,bf16,1:24:8,0,9,11.2715,50,828,702235,14,5665119,39,0,6347029,7085679,7220209,7532230,50,6368229,GPU-0:0.491867;GPU-1:0.368812;GPU-2:0.488843;GPU-3:0.489784;GPU-4:0.493287;GPU-5:0.490355;GPU-6:0.49304;GPU-7:0.255015;,GPU-0:321.942;GPU-1:264.849;GPU-2:320.623;GPU-3:311.286;GPU-4:318.511;GPU-5:313.08;GPU-6:321.252;GPU-7:285.491;,GPU-0:51736739840;GPU-1:58526269440;GPU-2:51736739840;GPU-3:51736739840;GPU-4:51736739840;GPU-5:51736739840;GPU-6:50394562560;GPU-7:25662849024;,GPU-0:192265846784;GPU-1:192265846784;GPU-2:192265846784;GPU-3:192265846784;GPU-4:192265846784;GPU-5:192265846784;GPU-6:192265846784;GPU-7:192265846784;
beta,meta-llama,8,bf16,1:24:8,0,17,11.2962,53,818,6330172,15,5671328,39,0,11905876,13018412,13232297,13564836,53,12002365,GPU-0:0.494799;GPU-1:0.372778;GPU-2:0.492577;GPU-3:0.488843;GPU-4:0.488673;GPU-5:0.490725;GPU-6:0.490262;GPU-7:0.257531;,GPU-0:320.756;GPU-1:263.788;GPU-2:319.247;GPU-3:310.696;GPU-4:316.703;GPU-5:311.534;GPU-6:319.731;GPU-7:283.692;,GPU-0:51736739840;GPU-1:58526269440;GPU-2:51736739840;GPU-3:51736739840;GPU-4:51736739840;GPU-5:51736739840;GPU-6:50394562560;GPU-7:25662849024;,GPU-0:192265846784;GPU-1:192265846784;GPU-2:192265846784;GPU-3:192265846784;GPU-4:192265846784;GPU-5:192265846784;GPU-6:192265846784;GPU-7:192265846784;
gama,gemma3,1,bf16,1:64:8,128,1,0.651227,49,773,273,16,1534829,35,0,1532803,1549659,1552403,1557941,49,1535922,GPU-0:0;GPU-1:0.600478;GPU-2:0;GPU-3:0;GPU-4:0;GPU-5:0;GPU-6:0;GPU-7:0;,GPU-0:192.003;GPU-1:304.721;GPU-2:192.449;GPU-3:187.28;GPU-4:192.501;GPU-5:188.815;GPU-6:191.176;GPU-7:191.689;,GPU-0:46149926912;GPU-1:52935262208;GPU-2:46149926912;GPU-3:46149926912;GPU-4:46149926912;GPU-5:46149926912;GPU-6:44807749632;GPU-7:23129489408;,GPU-0:192265846784;GPU-1:192265846784;GPU-2:192265846784;GPU-3:192265846784;GPU-4:192265846784;GPU-5:192265846784;GPU-6:192265846784;GPU-7:192265846784;
gama,gemma3,1,bf16,1:64:8,128,41,0.654315,61,969,49156709,79,12149921,101,0,61126042,71025765,73350179,74220282,61,61307771,GPU-0:0;GPU-1:0.604861;GPU-2:0;GPU-3:0;GPU-4:0;GPU-5:0;GPU-6:0;GPU-7:0;,GPU-0:192.776;GPU-1:306.767;GPU-2:193.4;GPU-3:188.592;GPU-4:194.162;GPU-5:190.57;GPU-6:192.086;GPU-7:193.004;,GPU-0:46149926912;GPU-1:52935262208;GPU-2:46149926912;GPU-3:46149926912;GPU-4:46149926912;GPU-5:46149926912;GPU-6:44807749632;GPU-7:23129489408;,GPU-0:192265846784;GPU-1:192265846784;GPU-2:192265846784;GPU-3:192265846784;GPU-4:192265846784;GPU-5:192265846784;GPU-6:192265846784;GPU-7:192265846784;
gama,gemma3,1,bf16,1:64:8,128,49,0.654315,79,944,61425043,84,12229335,99,0,73362064,84249142,85587959,86419481,79,73655496,GPU-0:0;GPU-1:0.605602;GPU-2:0;GPU-3:0;GPU-4:0;GPU-5:0;GPU-6:0;GPU-7:0;,GPU-0:192.868;GPU-1:307.101;GPU-2:193.461;GPU-3:188.683;GPU-4:194.17;GPU-5:190.591;GPU-6:192.125;GPU-7:193.03;,GPU-0:46149926912;GPU-1:52935262208;GPU-2:46149926912;GPU-3:46149926912;GPU-4:46149926912;GPU-5:46149926912;GPU-6:44807749632;GPU-7:23129489408;,GPU-0:192265846784;GPU-1:192265846784;GPU-2:192265846784;GPU-3:192265846784;GPU-4:192265846784;GPU-5:192265846784;GPU-6:192265846784;GPU-7:192265846784;
gama,gemma3,1,bf16,1:64:8,128,9,0.654315,55,902,2723949,46,10990644,100,0,13744706,13765722,14659608,14669929,55,13715634,GPU-0:0;GPU-1:0.605664;GPU-2:0;GPU-3:0;GPU-4:0;GPU-5:0;GPU-6:0;GPU-7:0;,GPU-0:192.795;GPU-1:306.406;GPU-2:193.438;GPU-3:187.775;GPU-4:193.082;GPU-5:189.304;GPU-6:192.04;GPU-7:192.427;,GPU-0:46149926912;GPU-1:52935262208;GPU-2:46149926912;GPU-3:46149926912;GPU-4:46149926912;GPU-5:46149926912;GPU-6:44807749632;GPU-7:23129489408;,GPU-0:192265846784;GPU-1:192265846784;GPU-2:192265846784;GPU-3:192265846784;GPU-4:192265846784;GPU-5:192265846784;GPU-6:192265846784;GPU-7:192265846784;
gama,gemma3,1,bf16,1:64:8,128,57,0.654315,66,910,73471945,103,12248401,99,0,85557624,97201800,98029569,98637582,66,85721452,GPU-0:0;GPU-1:0.605201;GPU-2:0;GPU-3:0;GPU-4:0;GPU-5:0;GPU-6:0;GPU-7:0;,GPU-0:192.768;GPU-1:306.824;GPU-2:193.403;GPU-3:188.586;GPU-4:194.128;GPU-5:190.626;GPU-6:192.107;GPU-7:193.04;,GPU-0:46149926912;GPU-1:52935262208;GPU-2:46149926912;GPU-3:46149926912;GPU-4:46149926912;GPU-5:46149926912;GPU-6:44807749632;GPU-7:23129489408;,GPU-0:192265846784;GPU-1:192265846784;GPU-2:192265846784;GPU-3:192265846784;GPU-4:192265846784;GPU-5:192265846784;GPU-6:192265846784;GPU-7:192265846784;
gama,gemma3,1,bf16,1:64:8,128,25,0.655858,59,939,25692172,63,11722448,112,0,38193720,39057601,39073816,39151350,59,37415724,GPU-0:0;GPU-1:0.60284;GPU-2:0;GPU-3:0;GPU-4:0;GPU-5:0;GPU-6:0;GPU-7:0;,GPU-0:192.718;GPU-1:307.187;GPU-2:193.344;GPU-3:188.484;GPU-4:194.098;GPU-5:190.483;GPU-6:192.03;GPU-7:192.951;,GPU-0:46149926912;GPU-1:52935262208;GPU-2:46149926912;GPU-3:46149926912;GPU-4:46149926912;GPU-5:46149926912;GPU-6:44807749632;GPU-7:23129489408;,GPU-0:192265846784;GPU-1:192265846784;GPU-2:192265846784;GPU-3:192265846784;GPU-4:192265846784;GPU-5:192265846784;GPU-6:192265846784;GPU-7:192265846784;
gama,gemma3,1,bf16,1:64:8,128,17,0.658938,53,910,15106535,59,10619006,104,0,25963199,29446096,32390203,35083636,53,25726606,GPU-0:0;GPU-1:0.601744;GPU-2:0;GPU-3:0;GPU-4:0;GPU-5:0;GPU-6:0;GPU-7:0;,GPU-0:192.614;GPU-1:306.99;GPU-2:193.155;GPU-3:188.348;GPU-4:193.986;GPU-5:190.375;GPU-6:191.932;GPU-7:192.796;,GPU-0:46149926912;GPU-1:52935262208;GPU-2:46149926912;GPU-3:46149926912;GPU-4:46149926912;GPU-5:46149926912;GPU-6:44807749632;GPU-7:23129489408;,GPU-0:192265846784;GPU-1:192265846784;GPU-2:192265846784;GPU-3:192265846784;GPU-4:192265846784;GPU-5:192265846784;GPU-6:192265846784;GPU-7:192265846784;
gama,gemma3,1,bf16,1:64:8,128,33,0.668202,60,948,37088475,96,12156575,115,0,48907705,59671713,61136239,62000196,60,49246200,GPU-0:0;GPU-1:0.605926;GPU-2:0;GPU-3:0;GPU-4:0;GPU-5:0;GPU-6:0;GPU-7:0;,GPU-0:192.611;GPU-1:306.59;GPU-2:193.238;GPU-3:188.397;GPU-4:194.053;GPU-5:190.503;GPU-6:192.004;GPU-7:192.918;,GPU-0:46149926912;GPU-1:52935262208;GPU-2:46149926912;GPU-3:46149926912;GPU-4:46149926912;GPU-5:46149926912;GPU-6:44807749632;GPU-7:23129489408;,GPU-0:192265846784;GPU-1:192265846784;GPU-2:192265846784;GPU-3:192265846784;GPU-4:192265846784;GPU-5:192265846784;GPU-6:192265846784;GPU-7:192265846784;
gama,gemma3,8,bf16,1:64:8,128,9,4.55551,53,756,13842861,21,1753099,42,0,15698674,15721553,16801482,16837356,53,15596771,GPU-0:0;GPU-1:0.662562;GPU-2:0;GPU-3:0;GPU-4:0;GPU-5:0;GPU-6:0;GPU-7:0;,GPU-0:192.919;GPU-1:323.802;GPU-2:193.704;GPU-3:188.677;GPU-4:194.226;GPU-5:190.756;GPU-6:192.226;GPU-7:193.146;,GPU-0:46149926912;GPU-1:53306458112;GPU-2:46149926912;GPU-3:46149926912;GPU-4:46149926912;GPU-5:46149926912;GPU-6:44807749632;GPU-7:23129489408;,GPU-0:192265846784;GPU-1:192265846784;GPU-2:192265846784;GPU-3:192265846784;GPU-4:192265846784;GPU-5:192265846784;GPU-6:192265846784;GPU-7:192265846784;
gama,gemma3,8,bf16,1:64:8,128,1,4.55551,47,743,276,19,1755017,42,0,1747221,1750473,1751232,1753081,47,1756092,GPU-0:0;GPU-1:0.663333;GPU-2:0;GPU-3:0;GPU-4:0;GPU-5:0;GPU-6:0;GPU-7:0;,GPU-0:192.831;GPU-1:322.946;GPU-2:193.584;GPU-3:188.65;GPU-4:194.112;GPU-5:190.618;GPU-6:192.113;GPU-7:193.032;,GPU-0:46149926912;GPU-1:53306458112;GPU-2:46149926912;GPU-3:46149926912;GPU-4:46149926912;GPU-5:46149926912;GPU-6:44807749632;GPU-7:23129489408;,GPU-0:192265846784;GPU-1:192265846784;GPU-2:192265846784;GPU-3:192265846784;GPU-4:192265846784;GPU-5:192265846784;GPU-6:192265846784;GPU-7:192265846784;
gama,gemma3,8,bf16,1:64:8,128,49,4.55552,58,776,82493900,21,1753725,41,0,85553208,86565965,86600873,86655461,58,84248455,GPU-0:0;GPU-1:0.660895;GPU-2:0;GPU-3:0;GPU-4:0;GPU-5:0;GPU-6:0;GPU-7:0;,GPU-0:192.773;GPU-1:322.741;GPU-2:193.254;GPU-3:188.57;GPU-4:193.44;GPU-5:189.838;GPU-6:191.671;GPU-7:192.284;,GPU-0:46149926912;GPU-1:53306458112;GPU-2:46149926912;GPU-3:46149926912;GPU-4:46149926912;GPU-5:46149926912;GPU-6:44807749632;GPU-7:23129489408;,GPU-0:192265846784;GPU-1:192265846784;GPU-2:192265846784;GPU-3:192265846784;GPU-4:192265846784;GPU-5:192265846784;GPU-6:192265846784;GPU-7:192265846784;
gama,gemma3,8,bf16,1:64:8,128,33,4.55552,57,783,55046534,19,1753876,44,0,57607225,58695599,58714960,58757937,57,56801247,GPU-0:0;GPU-1:0.658441;GPU-2:0;GPU-3:0;GPU-4:0;GPU-5:0;GPU-6:0;GPU-7:0;,GPU-0:193.842;GPU-1:324.171;GPU-2:194.541;GPU-3:189.578;GPU-4:194.828;GPU-5:191.282;GPU-6:192.861;GPU-7:193.74;,GPU-0:46149926912;GPU-1:53306458112;GPU-2:46149926912;GPU-3:46149926912;GPU-4:46149926912;GPU-5:46149926912;GPU-6:44807749632;GPU-7:23129489408;,GPU-0:192265846784;GPU-1:192265846784;GPU-2:192265846784;GPU-3:192265846784;GPU-4:192265846784;GPU-5:192265846784;GPU-6:192265846784;GPU-7:192265846784;
gama,gemma3,8,bf16,1:64:8,128,57,4.5678,106,800,96197357,20,1753338,41,0,99496139,100565992,100582506,100624661,106,97951549,GPU-0:0;GPU-1:0.663194;GPU-2:0;GPU-3:0;GPU-4:0;GPU-5:0;GPU-6:0;GPU-7:0;,GPU-0:192.55;GPU-1:322.964;GPU-2:193.014;GPU-3:188.363;GPU-4:193.271;GPU-5:189.613;GPU-6:191.503;GPU-7:191.966;,GPU-0:46149926912;GPU-1:53306458112;GPU-2:46149926912;GPU-3:46149926912;GPU-4:46149926912;GPU-5:46149926912;GPU-6:44807749632;GPU-7:23129489408;,GPU-0:192265846784;GPU-1:192265846784;GPU-2:192265846784;GPU-3:192265846784;GPU-4:192265846784;GPU-5:192265846784;GPU-6:192265846784;GPU-7:192265846784;
gama,gemma3,8,bf16,1:64:8,128,17,4.56785,59,811,27543454,22,1753091,43,0,29655425,30726567,30766389,30794576,59,29297412,GPU-0:0;GPU-1:0.66054;GPU-2:0;GPU-3:0;GPU-4:0;GPU-5:0;GPU-6:0;GPU-7:0;,GPU-0:192.776;GPU-1:323.218;GPU-2:193.562;GPU-3:188.545;GPU-4:194.113;GPU-5:190.633;GPU-6:192.087;GPU-7:193.076;,GPU-0:46149926912;GPU-1:53306458112;GPU-2:46149926912;GPU-3:46149926912;GPU-4:46149926912;GPU-5:46149926912;GPU-6:44807749632;GPU-7:23129489408;,GPU-0:192265846784;GPU-1:192265846784;GPU-2:192265846784;GPU-3:192265846784;GPU-4:192265846784;GPU-5:192265846784;GPU-6:192265846784;GPU-7:192265846784;
gama,gemma3,8,bf16,1:64:8,128,25,4.56786,53,785,41296327,20,1753803,43,0,43630889,44731800,44751572,44785706,53,43050972,GPU-0:0;GPU-1:0.663781;GPU-2:0;GPU-3:0;GPU-4:0;GPU-5:0;GPU-6:0;GPU-7:0;,GPU-0:193.34;GPU-1:323.959;GPU-2:194.084;GPU-3:189.11;GPU-4:194.576;GPU-5:191.035;GPU-6:192.593;GPU-7:193.43;,GPU-0:46149926912;GPU-1:53306458112;GPU-2:46149926912;GPU-3:46149926912;GPU-4:46149926912;GPU-5:46149926912;GPU-6:44807749632;GPU-7:23129489408;,GPU-0:192265846784;GPU-1:192265846784;GPU-2:192265846784;GPU-3:192265846784;GPU-4:192265846784;GPU-5:192265846784;GPU-6:192265846784;GPU-7:192265846784;
gama,gemma3,8,bf16,1:64:8,128,41,4.56787,57,782,68752098,21,1753469,43,0,71547369,72667927,72693540,72715700,57,70506405,GPU-0:0;GPU-1:0.659398;GPU-2:0;GPU-3:0;GPU-4:0;GPU-5:0;GPU-6:0;GPU-7:0;,GPU-0:193.359;GPU-1:323.52;GPU-2:193.903;GPU-3:189.052;GPU-4:194.091;GPU-5:190.604;GPU-6:192.207;GPU-7:193.11;,GPU-0:46149926912;GPU-1:53306458112;GPU-2:46149926912;GPU-3:46149926912;GPU-4:46149926912;GPU-5:46149926912;GPU-6:44807749632;GPU-7:23129489408;,GPU-0:192265846784;GPU-1:192265846784;GPU-2:192265846784;GPU-3:192265846784;GPU-4:192265846784;GPU-5:192265846784;GPU-6:192265846784;GPU-7:192265846784;
gama,mistral,1,bf16,1:64:8,128,1,0.385798,50,778,275,17,2594549,36,0,2558107,2738186,2748564,2760549,50,2595651,GPU-0:0.0684722;GPU-1:0.0658642;GPU-2:0.0690586;GPU-3:0.0686574;GPU-4:0.0696914;GPU-5:0.0692593;GPU-6:0.0755093;GPU-7:0;,GPU-0:258.226;GPU-1:249.922;GPU-2:258.084;GPU-3:250.551;GPU-4:256.739;GPU-5:251.752;GPU-6:256.2;GPU-7:194.554;,GPU-0:47743762432;GPU-1:54917070848;GPU-2:47743762432;GPU-3:47743762432;GPU-4:47743762432;GPU-5:47743762432;GPU-6:46401585152;GPU-7:23129489408;,GPU-0:192265846784;GPU-1:192265846784;GPU-2:192265846784;GPU-3:192265846784;GPU-4:192265846784;GPU-5:192265846784;GPU-6:192265846784;GPU-7:192265846784;
gama,mistral,1,bf16,1:64:8,128,25,2.00153,52,686,783191,25,11470763,62,0,8167868,31543368,32088204,34677063,52,12254720,GPU-0:0.525772;GPU-1:0.466867;GPU-2:0.533364;GPU-3:0.580864;GPU-4:0.553256;GPU-5:0.548302;GPU-6:0.490556;GPU-7:0;,GPU-0:326.651;GPU-1:290.247;GPU-2:325.532;GPU-3:317.304;GPU-4:323.638;GPU-5:317.848;GPU-6:316.942;GPU-7:194.231;,GPU-0:47743762432;GPU-1:54917070848;GPU-2:47743762432;GPU-3:47743762432;GPU-4:47743762432;GPU-5:47743762432;GPU-6:46401585152;GPU-7:23129489408;,GPU-0:192265846784;GPU-1:192265846784;GPU-2:192265846784;GPU-3:192265846784;GPU-4:192265846784;GPU-5:192265846784;GPU-6:192265846784;GPU-7:192265846784;
gama,mistral,1,bf16,1:64:8,128,33,2.00924,53,862,942734,30,15386755,68,0,10892132,32070939,32710040,34501791,53,16330441,GPU-0:0.51787;GPU-1:0.465926;GPU-2:0.52659;GPU-3:0.589028;GPU-4:0.552392;GPU-5:0.539985;GPU-6:0.493102;GPU-7:0;,GPU-0:325.909;GPU-1:289.711;GPU-2:325.201;GPU-3:317.047;GPU-4:323.299;GPU-5:317.318;GPU-6:316.657;GPU-7:194.21;,GPU-0:47743762432;GPU-1:54917070848;GPU-2:47743762432;GPU-3:47743762432;GPU-4:47743762432;GPU-5:47743762432;GPU-6:46401585152;GPU-7:23129489408;,GPU-0:192265846784;GPU-1:192265846784;GPU-2:192265846784;GPU-3:192265846784;GPU-4:192265846784;GPU-5:192265846784;GPU-6:192265846784;GPU-7:192265846784;
gama,mistral,1,bf16,1:64:8,128,57,2.01078,59,890,2958587,46,25142123,101,0,28368524,36790390,38894229,42142680,59,28101740,GPU-0:0.53466;GPU-1:0.465231;GPU-2:0.530941;GPU-3:0.57216;GPU-4:0.567392;GPU-5:0.544012;GPU-6:0.495247;GPU-7:0;,GPU-0:328.536;GPU-1:291.685;GPU-2:328.11;GPU-3:319.149;GPU-4:325.893;GPU-5:320.436;GPU-6:320.004;GPU-7:196.455;,GPU-0:47743762432;GPU-1:54917070848;GPU-2:47743762432;GPU-3:47743762432;GPU-4:47743762432;GPU-5:47743762432;GPU-6:46401585152;GPU-7:23129489408;,GPU-0:192265846784;GPU-1:192265846784;GPU-2:192265846784;GPU-3:192265846784;GPU-4:192265846784;GPU-5:192265846784;GPU-6:192265846784;GPU-7:192265846784;
gama,mistral,1,bf16,1:64:8,128,17,2.0154,50,820,640204,19,7874524,47,0,5122158,23907103,24230325,26411180,50,8515609,GPU-0:0.513873;GPU-1:0.466944;GPU-2:0.51966;GPU-3:0.584028;GPU-4:0.570494;GPU-5:0.548966;GPU-6:0.490941;GPU-7:0;,GPU-0:327.083;GPU-1:290.428;GPU-2:326.363;GPU-3:317.724;GPU-4:323.584;GPU-5:318.36;GPU-6:317.4;GPU-7:194.986;,GPU-0:47743762432;GPU-1:54917070848;GPU-2:47743762432;GPU-3:47743762432;GPU-4:47743762432;GPU-5:47743762432;GPU-6:46401585152;GPU-7:23129489408;,GPU-0:192265846784;GPU-1:192265846784;GPU-2:192265846784;GPU-3:192265846784;GPU-4:192265846784;GPU-5:192265846784;GPU-6:192265846784;GPU-7:192265846784;
gama,mistral,1,bf16,1:64:8,128,49,2.01541,64,864,1860509,39,22418045,89,0,23947198,32946681,34609291,35630421,64,24279539,GPU-0:0.524444;GPU-1:0.464784;GPU-2:0.533534;GPU-3:0.583395;GPU-4:0.554228;GPU-5:0.542701;GPU-6:0.489043;GPU-7:0;,GPU-0:327.401;GPU-1:291.055;GPU-2:326.881;GPU-3:318.352;GPU-4:324.823;GPU-5:319.191;GPU-6:318.773;GPU-7:195.495;,GPU-0:47743762432;GPU-1:54917070848;GPU-2:47743762432;GPU-3:47743762432;GPU-4:47743762432;GPU-5:47743762432;GPU-6:46401585152;GPU-7:23129489408;,GPU-0:192265846784;GPU-1:192265846784;GPU-2:192265846784;GPU-3:192265846784;GPU-4:192265846784;GPU-5:192265846784;GPU-6:192265846784;GPU-7:192265846784;
gama,mistral,1,bf16,1:64:8,128,41,2.01695,54,879,1476737,34,18881740,77,0,20092220,32747808,34294883,35250966,54,20359461,GPU-0:0.513503;GPU-1:0.464954;GPU-2:0.525509;GPU-3:0.592809;GPU-4:0.551065;GPU-5:0.537022;GPU-6:0.490725;GPU-7:0;,GPU-0:326.087;GPU-1:289.848;GPU-2:325.495;GPU-3:317.09;GPU-4:323.487;GPU-5:317.829;GPU-6:317.109;GPU-7:194.277;,GPU-0:47743762432;GPU-1:54917070848;GPU-2:47743762432;GPU-3:47743762432;GPU-4:47743762432;GPU-5:47743762432;GPU-6:46401585152;GPU-7:23129489408;,GPU-0:192265846784;GPU-1:192265846784;GPU-2:192265846784;GPU-3:192265846784;GPU-4:192265846784;GPU-5:192265846784;GPU-6:192265846784;GPU-7:192265846784;
gama,mistral,1,bf16,1:64:8,128,9,2.02466,48,790,493129,14,3951987,36,0,4069860,5826383,5982697,6156101,48,4445952,GPU-0:0.518194;GPU-1:0.468318;GPU-2:0.520926;GPU-3:0.584769;GPU-4:0.557315;GPU-5:0.543981;GPU-6:0.493071;GPU-7:0;,GPU-0:329.057;GPU-1:291.76;GPU-2:328.189;GPU-3:319.815;GPU-4:325.341;GPU-5:319.708;GPU-6:319.476;GPU-7:196.135;,GPU-0:47743762432;GPU-1:54917070848;GPU-2:47743762432;GPU-3:47743762432;GPU-4:47743762432;GPU-5:47743762432;GPU-6:46401585152;GPU-7:23129489408;,GPU-0:192265846784;GPU-1:192265846784;GPU-2:192265846784;GPU-3:192265846784;GPU-4:192265846784;GPU-5:192265846784;GPU-6:192265846784;GPU-7:192265846784;
gama,mistral,8,bf16,1:64:8,128,1,3.01232,52,824,286,21,2650787,42,0,2638486,2823006,2867296,2938757,52,2651951,GPU-0:0.0779475;GPU-1:0.0703549;GPU-2:0.0783951;GPU-3:0.0791821;GPU-4:0.079429;GPU-5:0.0787654;GPU-6:0.08375;GPU-7:0;,GPU-0:263.292;GPU-1:252.811;GPU-2:263.464;GPU-3:254.936;GPU-4:262.023;GPU-5:257.422;GPU-6:261.119;GPU-7:195.776;,GPU-0:48918167552;GPU-1:56091475968;GPU-2:48918167552;GPU-3:48918167552;GPU-4:48918167552;GPU-5:48918167552;GPU-6:47575990272;GPU-7:23129489408;,GPU-0:192265846784;GPU-1:192265846784;GPU-2:192265846784;GPU-3:192265846784;GPU-4:192265846784;GPU-5:192265846784;GPU-6:192265846784;GPU-7:192265846784;
